4426 5678
1227 229 1267 293 16

1143 320 1345 328 ———..

325 432 517 498 mosthenem
540 432 680 513 occurrit,
703 432 741 494 cf.
758 431 847 513 XIX,
870 431 921 513 65,
943 432 1016 513 ⁶220,
1038 431 1125 514 XXI,
1150 433 1219 515 138,
1242 435 1310 497 aliis
1332 435 1419 514 locis,
1441 441 1473 498 ut
1495 434 1554 498 hac
1577 455 1616 498 ex
1638 455 1671 499 re
1693 433 1765 498 nihii
1788 436 1862 499 certi
1885 435 2030 500 concludi
2053 437 2164 520 possit.

326 552 442 634 Verba,
466 571 547 634 quae
565 551 680 615 deinde
702 556 879 633 sequuntur,
902 560 972 615 sunt
989 552 1076 616 locus
1098 554 1279 637 communis,
1302 573 1383 634 ‹ruac
1405 555 1435 616 in
1458 554 1518 617 hac
1539 555 1677 618 oratione
1704 555 1812 618 melius
1834 552 1877 617 ad
1899 573 1948 635 ea,
1970 574 2054 635 quae
2077 565 2166 619 ante-

326 669 450 753 cedunt,
467 671 508 735 ad
525 670 601 734 iilud
624 675 676 748 „ze
698 673 775 756 μέγα
799 675 950 757 ρρονεῖθί,
964 691 1056 754 quam
1070 672 1100 735 in
1113 672 1298 755 Olynthiaea
1308 672 1354 735 111
1371 674 1494 736 annecti
1508 673 1658 737 uidentur.
1681 673 1811 737 Praeter
1824 673 1953 737 verbnm
1970 676 2099 740 δυνατόν
2116 673 2166 738 hic·

325 789 466 855 additum
479 792 572 855 etiam
592 789 690 872 figura
710 792 853 854 contrarii
868 791 899 854 in
916 791 975 854 hac
991 792 1129 855 oratione
1146 792 1225 856 bene
1242 800 1345 855 (nator
1363 793 1462 874 utitur,
1478 813 1547 856 cnm
1565 793 1661 856 rerba
1685 791 1802 880 „decep
1822 845 1828 858 .
1848 845 1855 859 .
1875 846 1881 858 .
1900 798 2044 880 ρρονεῖν“
2059 792 2166 872 adicit,

326 931 407 995 quae
440 913 471 974 in
500 911 551 974 iiia
580 909 803 975 desiderantur.
848 909 968 974 Eodem
992 912 1065 991 iure,
1088 932 1148 994 quo
1172 911 1300 975 Weilius
1332 910 1372 975 de
1400 912 1553 976 vocabulo
1577 918 1799 999 περιαιρεῖσθαι
1829 912 2001 994 admonuit,
2029 933 2167 977 comme·

325 1031 521 1107 morarerim,
556 1030 604 1093 irie
626 1030 687 1111 legi
707 1029 894 1093 adiectirum
918 1029 994 1094 imru
1018 1031 1178 1114 proprium
1213 1033 1392 1109 ,,ταπεινός“,
1406 1092 1410 1097 ,
1425 1030 1508 1113 qnod
1532 1031 1759 1096 Denmstireues
1783 1053 1843 1096 nou
1868 1054 1937 1096 raro
1961 1042 2107 1117 usuupat,
2130 1033 2168 1096 ci.

325 1151 380 1231 IV,
403 1151 454 1233 23,
478 1149 566 1231 XXI,
592 1150 651 1211 186
674 1149 730 1228 bis,
753 1150 887 1232 saepius.

495 1267 560 1331 Sed
582 1268 660 1331 haee
682 1266 807 1350 quidem
831 1267 988 1332 haetenus.
1032 1267 1174 1332 Vidimus
1209 1269 1295 1331 locos
1328 1269 2170 1353 tn§521-25r01›etiusptaneexronsuetudine

326 1386 543 1451 Demosthenis
566 1407 633 1451 esse
656 1394 829 1471 usurpatae,
863 1388 980 1470 quippe
1011 1388 1062 1468 qui
1097 1408 1146 1451 res
1167 1386 1328 1450 historicas
1362 1388 1409 1450 uei
1443 1389 1611 1451 sententias
1646 1408 1825 1452 communes
1858 1390 2053 1471 contineant,
2086 1408 2170 1471 quae

326 1514 430 1570 autem
454 1516 571 1569 mutata
595 1517 624 1569 et
647 1505 771 1569 adiecta
793 1514 872 1587 suun,
896 1527 934 1569 ea
956 1526 1024 1570 esse
1046 1504 1088 1569 ad
1111 1526 1175 1570 rem
1199 1505 1283 1570 dicta
1306 1526 1406 1586 neque
1430 1506 1647 1571 Demosthenis
1670 1509 1741 1571 stiio
1764 1507 1902 1589 indigna.

495 1625 561 1688 Iam
584 1624 822 1709 progrediamur
844 1624 885 1689 ad
909 1626 1037 1689 aiteram
1061 1627 1210 1690 orationis
1244 1634 1363 1709 partem
1397 1629 1439 1706 ἓξ
1461 1627 1597 1707 irc-31,
1631 1629 1719 1691 euim
1756 1627 1862 1691 similis
1897 1627 1928 1688 in
1952 1624 2170 1709 Olynthiaeae

325 1745 433 1808 tertiae
456 1748 475 1824 ξ
499 1745 622 1808 23-31
658 1745 814 1828 reperitur.
869 1744 939 1821 Quo
972 1745 1081 1808 irrelius
1114 1752 1275 1828 appareat,
1314 1764 1395 1825 onae
1432 1743 1554 1809 duobus
1591 1746 1667 1809 loeis
1700 1747 1795 1810 rerba
1829 1746 1941 1809 eadem
1977 1746 2049 1828 sint,
2086 1765 2172 1828 quae

325 1865 404 1927 inter
425 1884 459 1926 sc
481 1862 668 1946 discrepent,
691 1864 766 1927 tibet
787 1884 824 1927 ea
848 1864 1014 1928 ascribere.

541 1984 559 2063 ξ
582 1982 623 2046 26
646 1981 736 2046 huius
758 1983 921 2047 orationis:

409 2103 569 2188 Exe'puode
592 2101 639 2167 δ”ἅ
656 2129 698 2177 τις
720 2104 859 2189 κεφάλαι’
884 2101 920 2167 α’ίν
952 2103 1021 2190 ἔχοι
1042 2107 1137 2167 εἰπεῖν

326 2229 385 2286 τῶν
408 2223 556 2296 τ’ἑκείνοις
578 2225 791 2308 πεπραγμένων
819 2227 949 2287 καὶτῶν
973 2224 1042 2307 ὐμῖν
1065 2220 1137 2305 [Cu-

327 2340 391 2404 beti
413 2341 577 2404 lectionem
600 2343 777 2423 sequinmr't,
810 2340 845 2405 ἂν
868 2337 916 2427 ἄρ’
934 2344 1016 2426 ὑμῶν
1040 2343 1138 2406 αὐτῶν

328 2461 393 2526 ἀλλ’
416 2463 450 2524 ἐκ
472 2462 584 2526 τούτων
606 2486 640 2545 γε
663 2464 793 2546 ὀίνήσθε
814 2462 954 2544 γενέσθαι
981 2464 1139 2547 κρείττους.

327 2581 420 2645 Πέντε
448 2584 500 2665 μὲν
523 2585 571 2645 καὶ
595 2583 802 2666 τετταράκοντ’
825 2581 879 2666 ἔτιΙ
903 2589 961 2646 τῶν
981 2579 1138 2665 (Ελλήνων

326 2693 417 2785 ήρξαν
440 2702 567 2765 ἑκόντων
588 2703 709 2771 ἐκεῖνοι,
731 2703 824 2765 πλείιυ
843 2700 890 2785 δή
910 2703 999 2786 μύρια
1018 2701 1138 2765 τάλαντ’

326 2823 367 2895 είς
382 2823 435 2904 τήν
452 2821 613 2905 ἀκρόπολιν
631 2822 789 2903 ἀνήγαγον,
811 2822 908 2885 πολλὰ
931 2823 964 2884 δὲ
986 2825 1036 2884 καὶ
1059 2823 1138 2885 καλὰ

325 2943 376 3003 καὶ
397 2946 473 3025 πεζή
502 2941 552 3003 καὶ
579 2948 807 3024 ναυμαχοῦντας
841 2939 971 3023 ἔστήσαν
1002 2942 1138 3024 τρόπαια,

327 3060 372 3142 ἐρ’
396 3063 441 3133 οἷς
464 3059 508 3123 ἔτι
530 3063 580 3123 καί
601 3067 650 3124 νῦν
673 3064 763 3145 ήμεῖς
784 3061 1032 3146 φιλοτιμούμεθα.
1064 3059 1138 3123 Καί·

326 3204 369 3243 τοι
411 3180 537 3264 νομίζετ’
572 3181 680 3253 αὐτοὺς
716 3186 810 3242 ταῦτα
845 3187 959 3262 ετήσαι,
999 3181 1056 3265 οὐχ
1089 3182 1138 3244 ἵνα

327 3301 529 3383 θαυμάζωμεν
552 3302 641 3384 ήμεῖς
666 3303 848 3383 θεωροῦντες
871 3301 955 3374 αὐτοί,
992 3300 1057 3363 ἀλλ’
1090 3301 1137 3363 ἵνα

326 3423 376 3483 καὶ
398 3424 560 3505 μιμώμεθα
584 3421 636 3493 τὰς
657 3426 716 3482 τῶν
740 3419 912 3482 ἀναθέντων
936 3420 1053 3502 ἀρετάς.

1477 1986 1516 2066 §3
1539 1984 1580 2047 23
1603 1984 1665 2047 und
1684 1985 1726 2048 et
1747 1984 1954 2067 Olynthiaeae
1977 1983 2039 2047 111:

1436 2102 1541 2168 Καίτοι
1583 2106 1745 2190 σκὲρασθε,
1786 2098 1812 2168 ιίι
1844 2100 1949 2190 ἄνδρες
1984 2102 2174 2188 Ἀθηναῖοι,

1349 2219 1412 2295 ἅτις
1439 2221 1474 2285 ἂν
1496 2227 1648 2307 κεφάλαια
1683 2228 1778 2289 εἰπεῖν
1811 2225 1878 2309 ἔχοι
1910 2233 1969 2288 τῶν
2003 2223 2084 2288 τ’ἐκὶ
2112 2231 2175 2290 τῶν

1349 2345 1501 2428 προγόνων
1529 2343 1623 2428 ἔργων
1646 2347 1695 2407 καί
1723 2350 1782 2408 τῶν
1804 2343 1852 2431 ἐφ’
1875 2344 1965 2428 ὑμῶν.
2010 2342 2100 2408 ἔσται
2140 2346 2176 2408 δὲ

1351 2466 1438 2486 ν.
1524 2466 1603 2485 ι,
1974 2463 2133 2484 ,ιη

1350 2473 1463 2549 ρραχυς
1484 2489 1534 2526 και
1549 2487 1695 2548 γνιυριμος
1712 2489 1782 2547 υμιν
1799 2487 1814 2526 o
1832 2469 1928 2545 λογος.
1951 2487 1987 2525 ου
2003 2487 2065 2548 γαρ
2081 2468 2174 2528 αλλο·

1350 2586 1438 2669 τρίοις
1470 2586 1540 2668 ὐμῖν
1567 2584 1732 2668 χρωμένοις
1764 2583 2001 2667 παραδείγμασιν
2038 2582 2107 2647 ἀλλ”
2132 2585 2173 2646 οἱ·

1350 2706 1448 2777 κείοις,
1481 2697 1505 2767 ὦ
1539 2699 1643 2787 ἄνδρες
1661 2701 1837 2786 Ἀθηναῖοι,
1868 2702 2043 2786 εὐδαίμοσιν
2076 2700 2173 2773 ἔξεστι

1349 2829 1497 2908 γενέσθαι.
1537 2825 1647 2886 ἐκεῖνοι
1670 2824 1774 2895 τοίνυν,
1799 2823 1843 2895 οἷς
1867 2823 1921 2885 οὐκ
1942 2822 2122 2907 ἐχαρίζονθ’
2145 2822 2172 2886 υί

1350 2945 1484 3025 λέγοντες
1507 2943 1569 3006 οὐδ’
1594 2944 1714 3028 ἐφίλουν
1738 2943 1845 3014 αὐτοὺς
1867 2938 1967 3025 ὥσπερ
1992 2942 2071 3026 ὑμᾶς
2088 2937 2170 3006 οὖτοι

1350 3071 1408 3137 νῦν,
1448 3064 1534 3127 πέντε
1574 3064 1625 3145 μὲν
1660 3064 1709 3124 καὶ
1748 3062 1969 3145 τετταράκοντα
2010 3060 2067 3144 err,
2111 3067 2170 3124 τῶν

1345 3182 1502 3266 Ἑλλήνων
1541 3175 1632 3267 ἧρξαν
1670 3183 1807 3258 ἑκόντων,
1850 3183 1943 3245 πλείω
1988 3178 2037 3264 δή
2078 3180 2169 3264 μύρια

1349 3306 1480 3368 τάλαντα
1504 3305 1544 3375 είς
1566 3305 1620 3384 τήν
1652 3302 1812 3385 α’νρόπολιν
1843 3302 2001 3384 ἀνήγαγον,
2032 3301 2167 3385 ὑπήκουε

1349 3425 1382 3487 δὲ
1406 3425 1421 3486 ὁ
1444 3424 1554 3505 ταύτην
1577 3424 1631 3505 τήν
1652 3424 1758 3506 χώραν
1783 3419 1864 3504 ἔχων
1887 3420 1992 3492 αὐτοῖς
2020 3421 2166 3504 βασιλεύς,

1349 3542 1448 3627 ὥσπερ
1472 3544 1533 3605 ἐστὶ
1555 3547 1707 3626 προσῆκον
1730 3542 1880 3624 βάρβαρον
1895 3536 2038 3622 Ἷῖλλήει,
2066 3541 2162 3605 πολλὰ

1349 3666 1381 3727 de
1403 3664 1454 3725 καὶ
1469 3662 1547 3724 καλοί
1561 3663 1610 3723 καὶ
1626 3665 1702 3743 πεζή
1721 3662 1772 3722 καὶ
1789 3666 2014 3743 ναυμαχοῦντες
2032 3656 2161 3741 ἔστησαν

1348 3785 1475 3868 τρόπαια
1496 3783 1580 3843 αὐτοὶ
1597 3779 1833 3864 στρατευόμενοι,
1850 3780 1934 3862 μόνοι
1947 3779 1980 3841 δὲ
1993 3779 2160 3863 ἀνθρώπων

1347 3905 1470 3988 κρείττω
1493 3905 1544 3985 τήν
1567 3901 1614 3963 ἐπὶ
1634 3906 1699 3972 τοῖς
1718 3899 1814 3984 ἔργοις
1832 3900 1919 3969 δόξαν
1939 3904 2000 3961 τῶν
2016 3899 2161 3984 φθονούν-

1241 4016 1243 4083 ί
1346 4048 1406 4087 των
1429 4022 1596 4085 κατέλιπον.

493 4147 722 4227 Prinmuertm,
747 4148 833 4209 utin
857 4150 876 4223 ξ
900 4146 951 4223 21,
978 4145 1167 4208 transitionis
1199 4147 1269 4210 loco
1292 4144 1401 4227 posita,
1432 4140 1488 4204 sed
1512 4140 1554 4201 itu
1588 4139 1707 4200 urriata
1730 4147 1810 4218 sum,
1845 4144 1876 4200 ut
1902 4136 2053 4219 dubitem,
2088 4156 2158 4201 nuru

325 4274 527 4339 matoneum
550 4286 586 4328 ea
611 4266 767 4345 scriberet,
790 4267 921 4328 aiteram
939 4266 1112 4328 orationem
1130 4266 1312 4349 inspexerit,
1336 4284 1416 4346 ιγιιιιυ
1430 4261 1579 4343 deinceps
1597 4257 1718 4321 addidit
1739 4256 1793 4336 „du
1818 4254 1877 4342 ἄρα
1902 4309 1908 4320 .
1932 4306 1938 4319 .
1962 4308 1969 4321 .
1993 4259 2161 4342 κρείττους·ι

324 4385 439 4467 optiure
461 4404 494 4447 sc
518 4385 641 4452 habent.
665 4395 696 4448 nt
719 4387 819 4449 lorum
838 4406 899 4448 nou
914 4384 1110 4457 deteriorem,
1133 4384 1189 4448 sed
1209 4385 1366 4448 meliorem
1385 4380 1525 4445 reddant.
1571 4379 1606 4440 In
1630 4399 1666 4440 ea
1683 4386 1784 4440 autem
1798 4375 1903 4457 uerba,
1926 4376 2039 4457 quibus
2057 4390 2163 4442 orator

325 4523 373 4567 res
396 4524 414 4565 a
437 4504 604 4566 maioribus
626 4513 729 4583 gestas
753 4506 887 4569 breuiter
910 4503 1060 4587 depingit,
1096 4512 1178 4567 certe
1201 4503 1295 4583 eadit,
1322 4523 1401 4585 ιγιιιιε
1423 4498 1651 4579 Brouglmmius
1674 4509 1704 4560 et
1729 4496 1995 4560 Westermannius
2017 4498 2037 4561 l.
2061 4519 2088 4562 c.
2109 4519 2160 4563 ex·

325 4632 506 4706 primorum,
541 4634 587 4686 est
625 4625 694 4686 tatis
728 4626 823 4699 triens,
858 4644 950 4705 quem
984 4632 1097 4700 unitor,
1131 4642 1193 4705 qum
1227 4623 1327 4685 t'ornm
1360 4620 1487 4703 egregia
1521 4618 1711 4701 conscripsit,
1745 4628 1884 4699 repetere
1911 4638 1972 4681 mm
2003 4628 2160 4684 vereatur,

324 4742 387 4805 Sed
411 4741 459 4805 Ιιῐι·
482 4763 605 4823 ιριιυιριιυ
640 4764 700 4805 nou
737 4743 923 4807 rerlmtenus
958 4743 1116 4826 repretitur,
1152 4740 1209 4805 sed
1246 4742 1367 4822 singula
1404 4738 1523 4818 addita,
1559 4738 1679 4817 singula
1711 4738 1825 4799 omissa
1852 4745 1930 4800 sunt.
1975 4736 2024 4801 Itu
2047 4740 2080 4802 in
2101 4738 2163 4825 λιιι·Ι

324 4862 463 4924 ιιιιιῐίιιιιιι
487 4863 683 4924 emrmiatnm
708 4863 869 4925 relativum
891 4867 954 4937 ,λῖς
977 4915 983 4926 .
1007 4915 1013 4927 .
1037 4914 1043 4926 .
1067 4859 1148 4927 οὗτοι
1171 4866 1239 4926 adst
1262 4881 1323 4924 riou
1336 4860 1476 4937 occurrit,
1499 4857 1582 4939 quod
1596 4857 1853 4919 cormuitoorator
1867 4858 2086 4942 praetenuisit,
2106 4862 2161 4943 qui
