4426 5678
1097 230 1118 288 ti

357 428 448 508 §¹3-
479 427 541 491 Sed
572 447 606 491 se
639 435 759 512 putare,
799 430 826 492 si
856 429 973 493 civibus
1003 431 1133 495 consilia
1163 450 1220 494 sua
1243 429 1361 514 probet,
1387 429 1469 511 lore,
1491 437 1524 493 ut
1545 428 1577 493 id
1599 431 1714 493 ciuitati
1738 409 1875 494 maxime
1908 435 2022 516 prosit.

187 548 286 609 Antea
309 554 424 621 autem,
447 547 498 628 qui
520 547 626 629 cupiat
646 546 726 611 hene
749 545 840 611 dere
863 548 988 632 publica
1011 550 1131 631 mereri,
1159 548 1392 613 Atheniensium
1416 548 1541 612 auribus
1563 568 1635 611 eum
1657 548 1776 612 mederi
1793 568 1922 613 neeesse
1938 569 2021 619 esse.

191 684 272 746 (puae
296 685 365 728 cum
388 665 485 728 multa
508 672 537 728 et
560 666 640 729 falsa
663 664 848 749 audiverint,
871 669 958 748 quasi
983 674 1144 751 corruptae
1167 669 1236 732 siut.

355 784 374 864 ᾖ
401 786 447 846 11.
470 784 563 847 veluti
586 792 725 848 oratores
748 786 832 857 istos,
865 785 949 868 quod
982 789 1077 870 paulo
1109 794 1181 851 ante
1210 788 1294 850 funes
1315 785 1391 851 illud
1419 787 1449 849 in
1473 805 1544 849 arce
1567 786 1722 849 aerarium
1745 785 1924 871 depeculati
1946 789 2019 861 sint,

186 901 240 964 alil
261 921 364 965 remos
385 923 425 966 ex
447 902 611 967 rnaralibus
632 905 844 988 surripuerint,
866 913 980 969 statmo
1003 906 1184 990 popularem
1203 905 1389 987 abrogatum
1405 924 1472 969 esse
1492 903 1658 969 dictitasse.
1702 906 1796 986 Atqui
1812 925 2017 1000 ‹tuamquam

188 1022 240 1102 qui
263 1021 400 1101 fecerint,
434 1042 554 1086 summa
577 1042 678 1105 poena
703 1022 860 1087 alliciendi
883 1025 952 1104 sint,
983 1033 1170 1089 tamennon
1203 1045 1241 1089 ea
1264 1044 1305 1106 re,
1328 1032 1360 1089 nt
1382 1025 1429 1087 isti
1457 1031 1595 1088 oratores
1616 1024 1721 1105 velint,
1756 1044 1820 1087 rem
1856 1024 2017 1108 publieam

190 1143 221 1204 in
244 1161 395 1225 praeceps
418 1141 497 1206 dari.

356 1264 375 1342 ξ
401 1262 448 1325 15.
472 1257 565 1335 Quod
588 1257 745 1340 ‹ltrontodo
768 1258 831 1341 fiat,
860 1260 976 1324 uullmn
999 1262 1126 1325 istorum
1148 1261 1252 1326 dicere
1274 1271 1328 1325 aut
1350 1262 1457 1344 palam
1479 1261 1614 1346 protiteri
1638 1260 1763 1325 andere.
1807 1261 1885 1326 Sese
1908 1284 2016 1327 rerum

186 1378 338 1442 dicturum
361 1399 443 1446 esse:
475 1377 508 1442 id
530 1380 605 1460 fore,
637 1380 664 1442 si
694 1398 775 1442 noro
802 1378 909 1443 ordine
930 1400 990 1443 nou
1025 1380 1107 1444 facto
1130 1382 1238 1445 civitas
1265 1380 1336 1445 belli
1359 1388 1513 1464 apparatu
1537 1387 1642 1443 careat
1674 1377 1760 1457 (ὅταν
1784 1382 1870 1466 ὑμεῖς
1892 1384 2017 1469 φαύλως

186 1500 307 1583 ἠγμένοι
330 1502 435 1564 πολλοὶ
457 1501 508 1562 καὶ
531 1494 641 1584 iaspis
662 1501 712 1561 καὶ
735 1493 844 1563 ἄοπλοι
865 1501 915 1562 καὶ
938 1493 1212 1567 detrectatoria).

354 1620 445 1698 §th
468 1617 564 1681 rerba
597 1635 730 1697 quoque,
771 1616 881 1697 quibus
910 1617 959 1680 isti
986 1624 1123 1682 oratores
1155 1620 1304 1703 populum
1337 1617 1483 1701 decipere
1516 1616 1673 1681 studeant:
1705 1619 1764 1700 „in
1796 1617 1919 1683 iudiciis
1940 1622 2015 1685 'eius

185 1737 316 1800 salutem
349 1737 480 1821 prositarn
514 1742 544 1799 et
573 1735 729 1816 suffragiis
751 1754 815 1799 rem
847 1735 1003 1819 publicam
1024 1736 1272 1802 conservandam
1296 1738 1383 1802 esse“
1417 1737 1515 1800 iutilia
1549 1742 1643 1818 atque
1677 1735 1758 1800 adeo
1792 1739 1836 1802 rei
1869 1740 2015 1823 publicae

186 1856 317 1919 exitiosa
339 1874 418 1919 esse.

354 1978 372 2055 ,ξ
398 1975 446 2037 li.
468 1974 551 2037 Nam
574 1975 604 2036 in
627 1972 721 2036 armis
743 1992 796 2036 eos
817 1972 979 2055 timendos,
1000 1975 1032 2037 iu
1055 1973 1177 2040 iudiciis
1199 1976 1351 2040 humanos
1373 1994 1441 2039 esse
1464 1974 1584 2039 decere.

353 2091 508 2168 Quoniam
531 2093 575 2156 ita
596 2091 753 2174 quomodo
775 2098 880 2155 orator
900 2100 1138 2176 argumentetur,
1161 2094 1369 2178 exposuimus,
1393 2091 1476 2156 haud
1498 2095 1562 2158 scio
1584 2113 1625 2157 an
1657 2095 1819 2175 quisquam
1852 2095 2013 2160 nobiscum

184 2213 321 2293 miretur,
334 2199 428 2294 ‘quod
450 2212 588 2295 Weilius,
596 2214 619 2296 ¹)
642 2212 734 2277 homo
755 2210 896 2276 doctrina
915 2221 944 2276 et
966 2212 1138 2294 sagacitate
1160 2213 1298 2294 insignis,
1329 2213 1572 2294 interrogaverit,
1594 2232 1648 2276 cur
1670 2211 1729 2276 hoc
1751 2213 1820 2277 loeo
1842 2223 1949 2278 orator
1971 2215 2011 2279 de

185 2331 300 2395 iudicio
319 2331 447 2413 diceret,
481 2329 566 2413 «pund
588 2316 641 2395 alii
656 2338 794 2395 oratores
809 2331 848 2394 de
862 2331 1053 2396 orationibus
1075 2332 1171 2415 ipsius
1192 2331 1343 2396 iecissent.
1377 2331 1507 2395 Videtur
1527 2351 1597 2395 eum
1616 2332 1771 2414 effugiam,
1792 2332 1849 2397 has
1862 2332 1942 2398 duas
1962 2354 2013 2398 res

185 2454 278 2536 plane
301 2451 342 2515 ad
365 2451 448 2515 idem
470 2458 622 2535 spectare,
648 2449 690 2513 ad
713 2470 778 2514 rent
809 2449 966 2534 public-am
996 2451 1107 2514 melius
1139 2449 1356 2515 ordinandam.
1401 2450 1512 2532 Neque
1544 2452 1626 2514 enim
1659 2453 1735 2515 satis
1768 2461 1824 2534 est,
1857 2462 2011 2519 oratorem

185 2572 303 2657 populo
326 2591 492 2655 exponere,
514 2570 626 2653 quibus
648 2571 786 2635 consiliis
798 2569 915 2633 damna
936 2571 982 2634 rei
1004 2568 1149 2654 publicae
1170 2571 1274 2634 sanari
1290 2588 1382 2654 posse
1398 2568 1570 2652 uideantur,
1592 2569 1648 2634 scd
1664 2571 1755 2634 simul
1774 2572 1803 2635 ei
1818 2572 2011 2654 persuadere

185 2711 264 2776 opus
285 2699 341 2773 est,
375 2711 442 2756 esse
464 2691 596 2755 alteram
619 2690 796 2772 factionem,
827 2690 876 2753 cni
899 2690 1016 2773 praesit
1036 2688 1217 2773 Eubulus,
1249 2708 1331 2771 qnae
1354 2689 1478 2773 optimis
1498 2690 1594 2773 ipsius
1625 2691 1761 2754 consiliis
1795 2700 1948 2775 repugnet
1978 2704 2009 2756 et

185 2814 267 2875 omni
291 2811 385 2875 modo
408 2813 491 2875 cives
513 2829 708 2875 commorere
730 2808 863 2892 studeat,
886 2829 925 2873 ne
947 2809 1004 2892 ipsi
1026 2828 1117 2873 aures
1132 2808 1216 2874 dent.
1259 2811 1302 2873 At
1317 2808 1401 2873 dicat
1413 2809 1577 2892 quispiam,
1599 2808 1711 2873 Eubuli
1734 2829 1846 2874 nomen
1859 2831 2008 2895 nusquam

185 2932 216 2995 in
227 2933 367 2995 oratione
378 2942 517 3010 exstarc3
539 2949 601 3011 qua
615 2949 649 2992 re
662 2938 768 2994 orator
778 2936 843 2993 tam
859 2927 979 2992 infinita
992 2927 1098 3012 verba,
1113 2929 1220 3011 qualia
1232 2936 1302 2993 sunt
1323 2936 1383 2994 τῶν
1404 2929 1662 3015 ὀιάῥρηγνυμένων
1681 2936 1711 2992 et
1723 2929 1845 3011 similia,
1860 2932 2012 3014 usurpet?

185 3049 233 3114 lta
255 3071 320 3113 rem
343 3069 439 3132 agere
462 3049 680 3114 Demosthenis
701 3068 762 3112 non
784 3066 861 3113 esse.
904 3048 945 3110 At
966 3048 997 3111 iu
1019 3049 1161 3113 oratione
1188 3052 1255 3136 περὶ
1287 3056 1465 3133 συμμοριῶν,
1497 3067 1578 3130 quae
1608 3056 1691 3111 certe
1714 3048 1929 3113 Demosthenis
1957 3062 2014 3135 est,

185 3170 259 3233 item
282 3189 433 3251 unusquam
456 3168 592 3253 Philippi
614 3187 728 3232 nomeu
750 3168 889 3250 occurrit,
920 3187 1109 3249 quamquam
1133 3166 1260 3231 dubium
1283 3174 1422 3249 nonest,
1454 3167 1526 3249 quin
1548 3173 1654 3230 contra
1677 3165 1757 3230 hunc
1788 3168 1889 3251 ipsum
1919 3168 2014 3235 cives.

185 3298 216 3352 ut
239 3289 353 3353 bellum
377 3296 497 3373 parent,
520 3289 634 3353 incitet.
679 3285 771 3362 Quod
793 3286 834 3350 de
855 3286 910 3350 illa
931 3288 1072 3351 oratione
1093 3288 1221 3367 eiusque
1243 3286 1432 3350 obscuritate
1454 3285 1591 3349 Blassius
1612 3286 1631 3349 l.
1654 3305 1680 3349 c.
1696 3307 1726 3370 p.
1748 3287 1811 3349 242
1838 3288 1955 3365 statuit,
1983 3300 2014 3351 et

185 3409 215 3471 in
237 3407 399 3472 suadendo
421 3414 452 3471 et
475 3409 504 3471 in
527 3404 739 3472 dissuadendo
761 3407 903 3471 iuvenem
925 3412 1090 3487 oratorem,
1112 3425 1193 3486 quae
1215 3405 1299 3488 uelit,
1321 3407 1433 3488 celare,
1454 3402 1590 3469 idemde
1612 3403 1671 3469 hae
1693 3405 1755 3469 dici
1776 3412 1887 3489 potest.
1930 3406 2009 3470 Nam

184 3546 254 3592 mea
273 3525 398 3609 qutidem
421 3527 575 3591 sententia
596 3525 760 3610 Philippus
781 3534 845 3589 tmn
869 3545 931 3588 non
954 3525 1055 3607 magis
1076 3523 1279 3589 Demostheni
1301 3523 1456 3589 timendus
1469 3531 1547 3606 erat,
1569 3544 1663 3605 quam
1678 3524 1826 3606 Eubulus,
1847 3527 2009 3608 quiquam

184 3653 331 3730 aceeptus
352 3646 441 3709 luerit
464 3646 590 3730 populo,
613 3645 773 3711 constat.²l
816 3645 945 3710 Weilius
966 3663 1090 3727 quoque
1105 3645 1209 3709 serbis
1231 3645 1362 3709 oratoris
1383 3645 1479 3709 tacito
1500 3642 1637 3725 quodam
1660 3663 1760 3725 sensu,
1784 3652 1817 3708 nt
1838 3646 1881 3708 ita
1898 3643 2012 3725 dicam,

185 3763 226 3827 ad
247 3763 401 3829 Eubulum
423 3764 574 3829 deductus
595 3773 649 3829 est.
692 3764 728 3828 ld
751 3773 883 3849 apparet
906 3785 945 3829 ex
967 3766 1167 3829 annotatione
1189 3762 1231 3827 ad
1253 3765 1273 3846 ξ
1295 3764 1347 3847 30,
1369 3762 1420 3828 ubi
1445 3765 1504 3829 hoe
1523 3762 1610 3828 dicit:
1633 3766 1702 3840 ,καὶ
1725 3764 1760 3827 οὐ
1783 3815 1790 3827 .
1814 3815 1820 3828 .
1844 3816 1851 3828 .
1875 3817 1882 3829 .
1904 3765 2012 3829 einata

184 3883 292 3965 „Cette
314 3883 497 3967 pareuthhse
519 3903 653 3966 manuue
675 3883 754 3948 daus
769 3884 801 3948 la
815 3884 971 3948 troisieme
984 3883 1200 3968 Olynthienne.
1228 3883 1392 3948 L’orateur
1410 3885 1464 3966 n'y
1486 3867 1584 3966 prend
1608 3902 1710 3945 aucun
1724 3883 1791 3946 soin
1805 3882 1844 3947 de
1859 3887 2011 3968 meuager

185 4001 358 4067 Eubule‘·'.

353 4124 443 4187 thrc
465 4122 506 4186 ad
530 4134 699 4205 quartam
723 4130 853 4206 partem,
880 4140 961 4203 (luae
984 4122 1061 4185 inest
1083 4121 1114 4185 in
1142 4119 1346 4204 paragraphis
1370 4120 1495 4184 18-23
1517 4118 1742 4204 progredimur.
1787 4119 1901 4185 Orator
1922 4120 2011 4185 dicit:

354 4241 874 4324 §18.sinuagnarerhalaciat,
907 4242 951 4305 rei
972 4241 1116 4325 publicae
1137 4239 1360 4324 magnitudine,
1396 4260 1453 4325 pro
1485 4259 1546 4322 qua
1582 4238 1676 4320 dicat,
1709 4259 1778 4303 sese
1810 4243 2012 4305 commoveri.

184 4360 248 4425 Cur
279 4370 382 4425 aunem
415 4371 561 4442 oratores,
589 4363 641 4443 111ιί
674 4381 693 4424 1
725 4361 843 4426 ciuibus
865 4360 1051 4425 honorentur
1082 4361 1125 4442 (ot
1156 4361 1203 4446 ὑφ’
1236 4363 1318 4445 ὐμῶν
1339 4365 1507 4446 τιμώμενοι,
1538 4358 1612 4422 dicit
1637 4358 1806 4439 Eubulum]
1839 4360 1914 4423 talia
1949 4379 2011 4423 non

185 4480 300 4563 dieunt,
322 4499 391 4544 sese
414 4481 624 4563 expositunrnr
648 4500 725 4544 csse.

342 4689 361 4743 11
380 4688 412 4739 vs.
432 4686 448 4738 l.
467 4686 499 4738 vl.
518 4685 632 4737 adnotat.
651 4685 717 4751 ad}
739 4684 776 4736 12.
814 4683 945 4752 Pourquoi
965 4681 1090 4736 l'oruteur
1107 4680 1252 4735 rolina-t-il
1276 4682 1309 4734 ici
1332 4688 1400 4734 cette
1424 4681 1543 4749 critique.
1571 4679 1648 4747 qu‘on
1675 4680 1720 4732 fait
1746 4681 1778 4732 do
1801 4697 1843 4732 ses
1867 4680 2007 4733 111111111μὶί

184 4774 216 4825 lc
244 4775 302 4826 u'on
331 4776 386 4826 ruis
413 4791 460 4843 pas
488 4772 636 4840 lit-propos.
673 4772 833 4839 ’2111111111
851 4770 1009 4823 Schaclcrus
1028 4767 1044 4820 l.
1063 4767 1095 4822 cl.
1114 4770 1126 4823 Ι
1145 4786 1203 4838 pag.
1223 4769 1273 4823 ut:
1292 4780 1317 4821 ct
1336 4785 1428 4836 pmxx.
1447 4769 1480 4820 de
1506 4783 1611 4819 summa
1629 4766 1725 4819 Eubuli
1754 4767 1869 4834 potentia
1896 4767 2010 4835 eiusque

185 4861 284 4911 ratione
303 4862 339 4912 rui
360 4861 480 4928 puthlicac
498 4859 721 4913 atlntinistrandac
739 4858 853 4927 exponit.
