4426 5678
1083 203 1125 266 22

188 406 297 489 pontus
319 405 434 479 τούτοις
451 404 650 490 προιέμενοϋῑ,
672 424 732 467 non
759 411 824 468 tom
849 405 1017 471 similitudo
1034 406 1198 471 verborum
1220 426 1313 489 quam
1341 407 1564 471 sententiarum
1586 407 1689 473 inesse
1718 406 1855 493 videtur,
1878 409 1906 475 si
1929 409 2037 475 locum

186 544 257 587 cum
281 523 371 588 simili
394 523 549 587 Prooemii
580 524 623 586 55
653 530 685 586 et
717 522 908 607 paragraphi
937 524 1001 589 210
1027 526 1258 590 Aristocrateae
1291 526 1486 589 conferimus.
1529 526 1653 593 Parvus
1682 527 1785 609 igitur,
1819 528 1848 592 si
1881 538 1972 594 reete
2000 550 2037 596 se

186 642 311 724 hahent,
335 661 416 724 quae
438 639 651 723 disseruimus,
687 649 734 705 est¹
763 662 908 706 numerus
943 644 1171 727 repetitionum,
1204 664 1286 726 qnae
1318 651 1389 708 sunt
1420 644 1539 708 minore
1571 642 1692 709 ambitu
1723 643 1894 711 verborum
1930 662 2034 731 neque

183 765 221 825 A.
244 761 406 825 Schaeleri
427 759 543 825 iudicio
565 761 706 824 assentiri
731 780 904 845 possumus,
927 763 979 844 qui
1003 763 1190 828 haecdicit:
1229 763 1328 845 „doch
1353 762 1454 828 haben
1476 763 1557 827 auch
1580 762 1632 827 die
1653 761 1785 847 tlhrigeu
1807 765 2033 849 olynthischeu

186 881 307 963 Redeu,
329 879 381 944 die
402 879 512 943 Redeu
536 879 612 943 tlher
635 878 686 943 die
699 880 987 963 Angelegenheiten
1011 881 1067 946 des
1080 880 1262 964 Chersones,
1285 882 1361 945 llber
1384 880 1435 946 die
1458 880 1597 946 Freiheit
1618 881 1676 946 der
1685 883 1829 949 Rhodier
1844 884 1911 950 und
1932 885 2036 951 wider

184 999 359 1064 Androtion
381 999 438 1063 mit
458 997 619 1063 herhalten
639 1001 791 1063 mltssen“.

354 1119 422 1182 Iam
446 1121 510 1182 iam
532 1117 602 1182 linis
623 1116 693 1182 huic
717 1120 813 1202 ospiti
836 1127 882 1183 est
894 1117 1107 1202 imponendus.
1152 1120 1322 1201 Postquam
1338 1118 1764 1202 supraridimnsorationem
1776 1122 2032 1189 Demosthenica

185 1247 253 1302 arte
275 1257 345 1302 esse
359 1236 543 1320 dispositam
567 1256 666 1319 neque
682 1245 898 1319 argumentum
914 1238 1053 1320 dignum,
1075 1236 1157 1320 qnod
1173 1237 1428 1322 reprehendatur,
1450 1258 1533 1302 nunc
1551 1240 1752 1323 exposuimus
1770 1261 1811 1306 ue
1829 1261 1871 1306 ex
1886 1244 2032 1327 repetitis

186 1356 312 1438 quidem
337 1358 422 1439 locis,
457 1357 567 1437 quales
596 1357 667 1438 sint,
703 1358 876 1420 orationem
899 1378 919 1420 u
941 1357 1068 1421 falsario
1099 1357 1303 1440 compositum
1333 1375 1402 1421 esse
1434 1357 1541 1439 colligi
1563 1377 1663 1442 posse.
1706 1358 1899 1443 Priusquam
1923 1369 2031 1428 autem

185 1475 266 1539 hano
288 1475 477 1556 quaestionis
499 1482 619 1558 partem
643 1474 842 1557 absolvimus,
865 1495 927 1539 una
951 1495 1008 1558 res,
1030 1494 1112 1557 rpuac
1127 1475 1247 1539 videtur
1268 1495 1337 1540 esse
1355 1477 1460 1558 magni
1483 1477 1641 1558 momenti,
1663 1479 1952 1546 commemoranda
1972 1490 2030 1547 cst

185 1593 291 1670 Quid?
323 1595 402 1658 sorte
437 1594 552 1658 lactum
589 1614 656 1658 esse
679 1602 779 1677 putas,
817 1602 849 1659 ut
882 1594 942 1658 loci
974 1595 1025 1677 qui
1047 1603 1236 1677 repetuntur,
1269 1595 2031 1684 omnesexoeptistautumverhis§17:„hsi

183 1717 241 1799 γὰρ
273 1718 505 1800 φιλανθρώπους
539 1713 649 1795 εἶνοιὸί,
693 1733 774 1795 quae
811 1712 1041 1777 similitudinem
1075 1733 1135 1778 non
1167 1733 1314 1795 magnam
1349 1733 1419 1777 cum
1450 1713 1554 1778 verbis
1584 1718 1604 1795 ξ
1635 1715 1677 1779 33
1708 1717 1858 1783 oratiouis
1891 1728 2031 1786 octavae

185 1832 309 1914 hahent,
333 1832 507 1916 deprompti
531 1834 593 1895 sint
615 1832 877 1915 exorationibus,
900 1851 979 1913 quas
1000 1831 1228 1896 Demosthenes
1250 1833 1363 1895 certis
1385 1832 1604 1914 quibusdam
1627 1836 1736 1900 aunis
1759 1855 1859 1919 usque
1882 1837 1930 1902 ad
1953 1840 2030 1922 pri-

185 1972 278 2015 rnum
301 1972 381 2015 curn
403 1951 582 2035 Philippo
605 1971 733 2034 pacem
756 1951 885 2015 habuit?
931 1950 1076 2032 Blassius,
1099 1971 1189 2033 quem
1206 1949 1284 2014 haee
1300 1951 1378 2013 mira
1399 1970 1449 2015 res
1471 1971 1531 2015 non
1554 1952 1642 2035 fugit,
1664 1954 1708 2017 ita
1724 1955 1889 2039 explicare
1910 1957 2031 2041 studet,

184 2080 217 2133 ut
239 2070 316 2135 haec
338 2070 436 2134 dicat:
459 2069 553 2151 „dass
574 2069 653 2133 aher
674 2068 725 2133 die
743 2068 966 2150 Bertthrungeu
982 2067 1048 2133 sich
1065 2067 1236 2151 ttberhaupt
1259 2070 1320 2133 lust
1334 2068 1506 2152 durchweg
1527 2071 1585 2134 aul
1602 2070 1655 2135 die
1672 2073 1794 2137 tiltereu
1807 2074 2028 2159 Demegcrieu

186 2188 427 2253 einschliesslich
449 2189 506 2252 der
527 2187 740 2269 olynthischeu
762 2188 871 2251 Redcn
894 2186 1120 2270 heschriinheu,
1144 2186 1198 2250 hat
1219 2187 1378 2252 eutueder
1399 2188 1489 2252 dariu
1510 2190 1615 2254 seinen
1639 2189 1761 2273 Grund,
1791 2191 1869 2258 dass
1894 2195 1951 2261 die
1972 2196 2028 2263 be

186 2316 311 2372 nutzten
327 2306 624 2372 Demostlrcnischen
638 2307 756 2371 Sttloke
779 2306 930 2370 ithnlich
954 2305 1020 2370 der
1040 2306 1470 2388 Prooemiensammluug
1490 2328 1557 2372 aus
1573 2308 1684 2391 jener
1698 2310 1781 2374 Zeit
1803 2320 2027 2399 stammteu,

186 2426 372 2507 oderdarin,
386 2425 699 2490 dassderl'erlnsscr
718 2426 796 2489 sein
810 2425 1020 2489 llschwerk
1042 2427 1077 2489 in
1100 2425 1161 2489 die
1179 2425 1307 2490 Zeiten
1328 2445 1392 2489 ror
1411 2425 1481 2490 den
1505 2426 1788 2511 philippischcn
1808 2431 1943 2499 Redeu
1964 2454 2028 2501 zu·

185 2546 478 2628 ruokvorlegte‘.
523 2548 563 2608 At
579 2546 680 2629 priore
694 2564 824 2608 causae
841 2545 962 2609 Blaesio
976 2545 1007 2607 in
1023 2545 1159 2608 modium
1175 2545 1306 2627 prolata,
1320 2545 1376 2607 nisi
1391 2545 1491 2625 fallor,
1503 2547 1684 2630 sententiae,
1703 2568 1800 2629 quam
1815 2570 1875 2615 nos
1887 2553 2029 2637 probare

184 2664 368 2745 studuimus,
391 2684 507 2746 magna
521 2664 600 2727 fides
614 2663 715 2727 datur.
747 2664 828 2726 liam
851 2665 877 2727 si
898 2683 947 2727 res
963 2683 1048 2743 vera,
1071 2662 1155 2745 quod
1170 2662 1241 2726 mihi
1260 2683 1441 2746 persuasum
1457 2674 1511 2745 est,
1527 2665 1606 2728 tales
1621 2666 1680 2729 loci
1699 2686 1897 2753 communes,
1915 2674 2028 2756 quales

184 2791 254 2847 sunt
270 2782 310 2847 de
322 2784 473 2846 maiorum
487 2784 657 2865 praeclaris
668 2782 864 2864 temporibus,
887 2781 985 2846 derel
1005 2781 1149 2864 publicae
1167 2782 1277 2865 opibus
1289 2781 1463 2864 deminutis,
1485 2783 1609 2866 similes,
1633 2786 1695 2848 iarn
1711 2787 1847 2851 confecti
1865 2790 1912 2854 ud
1935 2810 2025 2857 usum

183 2922 304 2966 summo
327 2904 440 2967 oratori
463 2911 588 2985 praesto
610 2909 707 2981 erant,
731 2921 832 2965 tronne
855 2902 950 2964 multo
974 2902 1073 2980 rrrogis
1096 2901 1261 2964 uerisimile
1284 2909 1338 2981 est,
1361 2920 1431 2964 eum
1455 2902 1557 2984 ipsum
1579 2904 1732 2986 saepius
1760 2904 1818 2970 hos
1839 2926 2025 2992 usurpasse,

185 3040 279 3100 ‹puanr
312 3019 555 3084 declamatorem
589 3028 642 3083 uut
681 3019 850 3100 falsarium,
896 3020 947 3100 qui
988 3019 1060 3082 nihil
1094 3019 1248 3100 antiquius
1281 3017 1417 3100 haberet,
1459 3040 1552 3102 quam
1585 3030 1619 3084 ut
1654 3042 1715 3086 non
1748 3024 1779 3087 iu
1816 3026 2025 3110 compilando

184 3139 487 3222 deprehenderetur?
531 3139 640 3201 Altera
672 3149 776 3202 autem
807 3158 912 3220 canusa,
944 3157 1006 3221 qua
1039 3138 1119 3201 hane
1149 3158 1215 3201 rem
1237 3139 1387 3221 insignem
1410 3139 1605 3223 interpretari
1628 3142 1702 3224 vult,
1733 3163 1796 3206 nou
1819 3147 1925 3228 magis
1946 3146 2023 3211 mihi

184 3258 317 3341 proheta
340 3269 394 3319 cst.
438 3257 554 3319 Duhito
571 3257 662 3339 eninr,
681 3257 863 3320 salsuriusne
879 3257 969 3319 fuerit
988 3266 1076 3320 tanta
1091 3257 1235 3338 sollertia,
1258 3266 1292 3320 ut
1306 3265 1479 3341 temporum
1496 3277 1616 3340 quoque
1633 3260 1819 3344 orationum,
1840 3282 1924 3344 quus
1938 3284 2023 3329 cour-

184 3376 313 3459 pilahut,
333 3377 481 3439 rationem
501 3387 647 3439 accurate
667 3374 804 3438 lrohcret.
836 3376 953 3456 llcstat,
973 3384 1004 3438 ut
1028 3375 1171 3440 dicamus
1192 3375 1232 3439 de
1255 3376 1403 3440 orationis
1427 3387 1594 3460 ternpore
1616 3385 1647 3442 et
1667 3379 1901 3465 elocutione,
1926 3402 2020 3467 quam

184 3494 456 3560 Demosthenicum
480 3514 549 3558 esse
571 3494 663 3557 etiarn
689 3494 826 3558 Blassius
848 3503 879 3557 et
903 3494 1030 3557 ll'eilius
1053 3493 1235 3576 concedunt,
1258 3494 1313 3558 sed
1337 3493 1377 3558 de
1400 3493 1448 3557 his
1470 3495 1562 3559 rebus

1007 3613 1089 3681 ..alio
1111 3612 1190 3677 die-⁶⁶.
