4426 5678
1080 205 1125 267 20

1002 294 1205 301 ————---

185 417 305 485 κοϋντες
321 412 355 474 ἐκ
370 418 499 495 πτωχῶν
511 406 632 496 εὔποροι
644 413 694 473 καὶ
847 430 898 483 σοι,
936 411 973 474 οὐ
1011 410 1101 493 μόνον
1140 419 1200 476 τῶν
1235 414 1355 474 aalide
1505 410 1784 494 κατεσκευασμένοι,
1818 406 1886 495 ’ὅσῳ
1919 412 1955 475 δὲ
1984 413 2022 475 τὰ

183 531 544 616 πολλοῦχμονουτμοφην
558 525 694 615 debarim
846 530 1126 614 ὑπερηφανωτέρας,
1170 533 1198 594 οἱ
1233 530 1267 593 δὲ
1299 535 1356 613 γῆν
1505 535 1560 612 της
1596 528 1714 602 πόλεως
1750 528 1869 594 ἐλάττω
1908 531 2024 613 perdire.

187 651 258 713 εἰσιν
281 651 504 733 ἡτοιμασμένοι.
847 650 1063 731 συνεωνημένοι
1076 655 1265 734 γεωργοῦσιν,
1281 644 1355 731 ἵσην
1504 647 1699 732 mammis&
1720 648 1835 715 τούτων
1855 644 1997 734 ηὔξηται.

847 766 908 829 οὐδ’
929 761 1003 852 ὄναρ
1026 761 1154 851 ἤλπισαν
1176 771 1307 831 πώποτε.

353 885 450 948 ‚turta
464 885 623 968 composui
649 883 704 946 lios
727 884 823 962 loeus,
845 903 923 963 ipius
944 885 970 946 si
989 885 1058 965 quis
1076 892 1192 948 attente
1210 885 1334 947 iunetiiii
1350 892 1442 965 atque
1459 883 1587 947 alteruis
1602 885 1800 967 recensuerit,
1822 904 1887 949 uon
1909 883 2021 948 dubito

184 1004 256 1085 quin
273 1003 334 1067 sibi
350 1016 553 1087 persuasurus
568 1003 616 1084 sit,
631 1022 685 1065 eos
699 1020 759 1064 noii
778 1001 864 1065 brei‘i
882 1022 975 1065 nianu
990 1041 1032 1049 -
1050 1003 1196 1067 sitaerbo
1209 1003 1315 1067 i'eaia!
1334 1041 1371 1048 -
1386 1001 1597 1086 transcriptos,
1608 1001 1667 1066 sed
1678 1004 1722 1066 ita
1732 1003 1928 1086 eompositos
1940 1022 2021 1073 σιω,

184 1131 218 1185 nt
240 1131 346 1185 orator
367 1121 490 1186 seliedis
511 1123 563 1183 rix
586 1121 734 1203 inspeetis
756 1118 907 1183 easdem
930 1122 1154 1189 sententias.
1180 1142 1274 1205 quae
1296 1122 1375 1185 eius
1397 1129 1503 1183 erant
1526 1122 1631 1202 quasi
1653 1122 1821 1185 oratoria
1843 1121 2020 1204 supellex

184 1241 297 1305 simili
330 1240 436 1304 inodo
466 1247 658 1303 traetaret.
702 1237 791 1314 Quae
820 1248 923 1302 aiiteni
957 1241 986 1303 iii
1018 1239 1077 1304 liae
1103 1242 1243 1304 oratioue
1265 1247 1384 1303 mutata
1407 1249 1437 1303 et
1459 1238 1568 1302 addita
1590 1251 1671 1317 sunt,
1697 1240 1742 1303 ita
1774 1259 1837 1303 nou
1858 1238 2021 1304 declama·

185 1361 262 1422 toris
282 1378 350 1423 esse
373 1358 524 1425 ridentur.
556 1368 587 1420 ut
608 1378 761 1421 suminam
784 1367 813 1420 et
836 1359 1075 1440 argumentandi
1097 1370 1128 1423 et
1149 1359 1275 1423 dii-endi
1301 1359 1364 1421 iiiii
1388 1357 1533 1421 habeant,
1577 1356 1684 1434 Quid?
1716 1366 1748 1422 ut
1782 1357 1900 1422 bonam
1933 1358 2021 1422 illarii

184 1486 370 1542 structuram
393 1482 513 1564 ,ἀγαπᾷ
536 1480 803 1549 κατασκευάζουσα
825 1480 876 1541 καὶ
898 1480 1007 1562 κρήνας
1029 1482 1078 1541 καὶ
1101 1481 1265 1562 κονιηματα
1288 1480 1338 1541 καὶ
1361 1480 1487 1561 λήρους*
1508 1477 1630 1540 silentio
1653 1477 1911 1561 praetemiittaiii,
1943 1496 2018 1541 unm

185 1598 383 1682 parenthesin
407 1598 491 1661 illurn
514 1601 583 1679 „aad
607 1599 641 1661 ου
663 1605 729 1671 τοῖς
751 1599 996 1682 εἰσηγησαμένοις
1018 1648 1024 1660 .
1048 1649 1054 1659 .
1078 1649 1084 1660 .
1108 1647 1114 1658 .
1139 1597 1357 1682 ὑπολαμβανετ
1381 1598 1488 1672 εἶναι’,
1508 1614 1589 1676 aptiae
1612 1596 1641 1658 in
1661 1595 1720 1658 hae
1738 1603 1858 1658 tautum
1876 1597 2023 1659 oratione

184 1719 326 1797 manmit,
348 1737 367 1779 a
390 1717 515 1779 falsario
537 1717 693 1779 inventam
717 1735 785 1779 esse
815 1716 929 1800 putas?
973 1716 1072 1778 linum
1095 1734 1169 1778 rem
1186 1713 1412 1778 Demosthenes
1436 1717 1503 1797 ipse
1525 1722 1641 1798 optime
1664 1713 1743 1778 liaeo
1763 1713 1862 1777 verba
1883 1713 2024 1781 addidit.

185 1845 218 1900 ιιι
239 1835 425 1920 prohiberet,
447 1855 486 1899 ue
510 1835 621 1899 Eubuli
644 1835 793 1901 assei-lae.
817 1835 868 1915 qui
890 1853 1020 1897 rerem
1043 1833 1083 1897 de
1106 1833 1183 1897 urbe
1204 1832 1387 1897 exornanda
1410 1834 1610 1897 benemeriti
1634 1840 1733 1913 eraut,
1764 1833 1812 1896 liis
1833 1832 1930 1897 rebus
1951 1833 2021 1914 glo

184 1957 345 2019 riareutur.
389 1954 559 2035 Simulque.
581 1954 611 2018 id
635 1952 720 2035 ‹piiod
744 1955 815 2016 item
838 1973 876 2016 ex
901 1973 956 2015 usu
974 1952 1190 2016 lleiiiostlieiiis
1213 1962 1268 2033 est,
1299 1972 1391 2035 quein
1422 1961 1486 2015 taiii
1517 1953 1641 2034 egregie
1664 1971 1684 2015 a
1706 1950 1922 2015 declamatore
1953 1952 2023 2015 inii-

186 2073 283 2137 tando
305 2074 439 2137 etliotimi
463 2093 541 2153 esse,
564 2074 616 2135 iix
640 2072 855 2138 ooiieesserim.
889 2071 1011 2154 plebem
1041 2071 1136 2134 libere
1159 2071 1366 2155 reprehendit,
1396 2070 1479 2154 qaod
1502 2072 1551 2135 liis
1572 2071 1692 2134 artibus
1712 2070 1754 2134 ab
1777 2071 1956 2133 emtoribus
1977 2072 2023 2134 iii-

185 2200 308 2256 escator
328 2202 359 2255 et
381 2192 422 2255 ab
444 2191 637 2272 giarimdius
659 2191 751 2254 rebus
772 2189 944 2253 deducitur.
989 2194 1090 2266 Quam
1124 2190 1202 2253 liene
1234 2189 1311 2253 baeu·
1344 2191 1495 2254 sententia
1529 2191 1558 2252 iii
1589 2192 1729 2254 oratione
1761 2190 1864 2253 locuni
1893 2187 2024 2267 lrabeat,

186 2331 224 2375 eo
248 2330 371 2392 unoque
392 2310 582 2390 intelligitur.
603 2307 687 2390 qiiod
709 2309 739 2371 in
756 2309 879 2392 epilogo
895 2311 1051 2391 repetitur.
1087 2309 1118 2372 Si
1136 2322 1290 2392 postremo
1308 2310 1404 2372 rerba
1427 2307 1520 2394 „iam
1543 2311 1605 2374 οὐδ’
1626 2306 1700 2395 drap
1722 2305 1872 2393 ἤλπισαν“
1896 2309 1929 2371 iii
1951 2328 2023 2371 ora-

185 2430 275 2492 tionis
298 2428 338 2492 de
360 2428 439 2491 talsa
462 2429 618 2510 legatione
641 2427 764 2490 habitae
785 2427 984 2511 paragrapho
1000 2429 1064 2491 255
1086 2429 1193 2491 ilerum
1217 2437 1413 2511 intimantur,
1435 2426 1518 2508 quod
1536 2427 1699 2491 Ilobiaeus
1716 2433 1832 2505 moiiet,
1855 2425 1885 2489 id
1906 2428 2023 2491 mimm

185 2567 253 2612 me
274 2567 335 2611 nou
358 2553 469 2631 potest.
514 2547 569 2610 nst
591 2547 752 2610 translatio
775 2546 859 2630 apud
883 2558 1003 2610 ueteres
1025 2557 1088 2609 tani
1111 2566 1206 2630 saepe
1229 2549 1338 2629 posita.
1372 2567 1464 2627 quani
1496 2566 1553 2609 iios
1574 2545 1679 2610 dicere
1701 2545 1837 2609 solemus
1867 2565 1923 2613 ..es
1955 2543 2024 2609 sieh

185 2668 269 2731 niebt
291 2674 432 2731 tritumeii
450 2667 580 2730 lassen‘t

356 2786 504 2848 l'eniuius
527 2784 568 2849 ad
592 2796 780 2868 postremam
806 2784 894 2847 liuius
919 2786 978 2847 loei
1001 2784 1243 2868 paragraphum.
1274 2804 1334 2865 ipra
1358 2785 1468 2864 quibus
1500 2785 1600 2847 trattsis
1622 2792 1720 2846 status
1742 2782 1785 2846 rei
1808 2781 1956 2865 publicae
1978 2784 2022 2845 ita

186 2903 375 2987 depravatus
410 2906 457 2985 sit,
492 2915 597 2967 orator
630 2903 764 2987 exponit.
815 2902 901 2965 Idem
930 2904 963 2965 tit
995 2901 1201 2986 paragraphis
1233 2904 1276 2964 30
1298 2911 1328 2966 et
1349 2905 1388 2966 31
1414 2903 1620 2986 Olpiitliiaeae
1653 2903 1772 2966 tertiae.
1817 2898 2020 2982 Quamquam

186 3044 333 3104 maguam
353 3023 430 3085 inter
443 3021 588 3085 liosduos
605 3023 689 3085 loros
704 3021 935 3084 siriiilitudiueni
962 3021 1153 3085 intercedere
1175 3023 1283 3103 negari
1302 3043 1362 3085 ιιιιιι
1387 3030 1498 3105 potest,
1521 3032 1626 3086 tamen
1649 3021 1749 3104 primo
1767 3021 1830 3083 iam
1848 3032 2022 3104 conspeetu

187 3180 226 3187 -
241 3141 442 3223 quamobrem
460 3141 515 3204 bos
532 3141 617 3203 locos
632 3148 703 3204 aute
719 3141 825 3205 oeulos
840 3160 901 3203 nou
916 3141 1074 3223 posuimus
1092 3179 1130 3185 —
1148 3150 1291 3224 apparet,
1304 3142 1399 3205 rerba
1416 3143 1445 3204 iii
1461 3142 1609 3220 oratioue,
1620 3160 1713 3222 quiam
1729 3148 1909 3221 tractamus,
1921 3141 2021 3203 multo

187 3261 387 3324 eoiieinniora
409 3270 440 3323 et
460 3260 599 3323 breviora
612 3278 689 3321 esse.
732 3258 820 3333 tliiae
836 3266 904 3322 sunt
921 3258 1029 3323 addita
1047 3260 1077 3322 iii
1094 3261 1358 3340 attaminatione,
1382 3260 1459 3324 illud
1482 3264 1535 3342 „ab
1558 3262 1611 3345 μὲν
1634 3264 1778 3346 πρότερον
1802 3260 2020 3344 στρατεύεσθαι

187 3380 326 3465 roagium*
353 3387 384 3442 et
406 3378 501 3441 rerba
524 3380 597 3460 ,ἐὰν
619 3381 799 3462 μεταδιδῶσι
821 3431 828 3442 .
851 3430 858 3442 .
881 3430 888 3442 .
910 3380 1146 3464 πμοσομείλιτε“’
1172 3387 1235 3441 tani
1259 3381 1385 3460 egregie
1407 3380 1580 3463 composita
1601 3386 1682 3460 sunt,
1705 3386 1736 3441 ut
1759 3398 1820 3441 uon
1841 3376 1883 3441 ab
1905 3376 2019 3440 eodem

187 3498 398 3564 declamatore
420 3535 460 3542 -
484 3505 517 3560 ut
538 3497 591 3559 alii
614 3499 719 3561 ioluiit
743 3535 780 3541 —
809 3516 902 3578 quein
925 3499 1019 3580 paulo
1047 3517 1140 3580 supra
1169 3497 1261 3561 rerba
1294 3499 1454 3582 aptissime
1481 3499 1670 3562 adiecisse
1699 3497 1843 3578 iidiiiius,
1877 3497 2019 3560 eiiusulro

186 3619 338 3687 omissa,
361 3614 416 3680 sed
440 3636 460 3679 a
484 3615 702 3697 lleiiiostliene,
724 3635 794 3679 eum
822 3629 954 3699 postea
983 3617 1084 3680 lorum
1109 3627 1298 3697 retractaret,
1328 3617 1589 3701 aiiiplitieandi
1620 3637 1731 3681 eausa
1760 3617 1906 3680 inserta
1935 3634 2018 3679 esse

186 3736 393 3799 i'ideautur.
437 3734 518 3797 Nam
542 3734 621 3797 haue
644 3736 815 3798 orationem
842 3744 927 3799 aute
950 3735 1216 3818 tiiyiirliiaiaiii
1249 3737 1399 3799 tertiani
1432 3736 1596 3801 habitam
1630 3756 1724 3817 esse,
1755 3737 1780 3799 si
1809 3733 1851 3798 de
1877 3742 2018 3818 tenuiore

186 3874 326 3936 agemus,
348 3853 638 3917 demonstrabimus.
682 3852 783 3916 Etiam
809 3852 840 3915 id
868 3855 1023 3917 monuisse
1047 3855 1149 3933 veliin,
1171 3874 1265 3933 quain
1288 3854 1367 3918 liene
1391 3856 1492 3919 uerbis
1515 3857 1687 3939 postremis,
1710 3855 1844 3936 quaein
1867 3853 1927 3916 liae
1950 3872 2019 3917 ora-

185 3974 270 4037 tione
302 3973 458 4054 leguntur:
492 3977 562 4053 „mi
585 3975 671 4058 ὑμεῖς
694 3975 838 4054 ἀγαπᾶθ’,
870 3970 888 4036 ἃ
913 3972 949 4037 ἂν
973 3970 1054 4038 οὗτοι
1077 3978 1256 4057 μεταδιδῶσι
1278 3977 1500 4059 λαμβάνοντεςιί
1538 3983 1642 4039 orator
1672 3973 1781 4038 redeat
1802 3972 1846 4036 ad
1870 3992 1936 4038 reni
1959 3972 2019 4036 sibi

186 4093 387 4176 propositam.
422 4090 464 4154 ad
489 4091 641 4154 Eubulum
664 4092 826 4172 soi-iosuae
857 4090 1095 4174 impugnandos.
1139 4092 1262 4176 Optime
1289 4095 1371 4157 enini
1392 4095 1529 4157 animuin
1552 4104 1697 4158 remearit
1719 4092 1761 4155 ad
1784 4091 1880 4155 rerba
1903 4093 1933 4155 in
1957 4091 2019 4155 tine

187 4212 206 4292 ᾖ
228 4212 271 4274 ab
291 4212 405 4294 posita:
443 4214 490 4278 ..οἱ
512 4213 537 4274 δ’
562 4207 647 4275 ittam
670 4214 815 4297 μα’μτυμες
838 4220 890 4296 τῆς
912 4213 1025 4278 τούτων
1052 4215 1244 4297 εἰοαιμονίας
1265 4217 1405 4297 κάθησθε
1427 4221 1480 4298 τῆς
1502 4215 1572 4277 καθ’
1595 4216 1709 4300 ημέραν
1732 4215 1881 4299 ῥᾳθυμίας
1903 4215 2020 4297 roiam

186 4333 237 4394 καὶ
260 4333 393 4413 μεγάλην
416 4331 610 4415 ὑπάρχουσαν
632 4331 704 4415 υμῖν
727 4333 916 4414 εὐδαιμονίαν
937 4333 1052 4407 τούτοις
1069 4332 1268 4418 προϊέμενοιίι.

356 4446 403 4509 Ne
422 4448 534 4510 iiiultiis
556 4450 628 4510 siin!
672 4448 753 4512 Fore
775 4450 986 4532 inperitiores
1014 4451 1071 4515 sibi
1091 4449 1300 4534 persuadeant
1318 4470 1419 4532 spero,
1444 4470 1482 4514 ne
1507 4455 1585 4514 buiie
1607 4451 1733 4534 quidem
1756 4452 1889 4514 alterum
1913 4451 2018 4514 loeuiii

187 4566 354 4646 §21--31,
369 4566 520 4647 inquibus
537 4566 670 4649 majores
684 4567 872 4651 repetitionis
889 4569 1091 4649 inueniuntur,
1108 4588 1176 4632 esse
1193 4570 1297 4650 talem,
1312 4570 1413 4651 qualis
1427 4590 1446 4631 a
1459 4568 1669 4634 Demosthene
1690 4571 1783 4635 scribi
1796 4589 1856 4633 iioii
1873 4571 2019 4653 potuerit.

186 4683 222 4746 ln
246 4682 325 4746 bane
353 4704 475 4765 quoque
499 4704 573 4765 reni,
605 4685 645 4749 de
668 4706 728 4767 qua
752 4687 882 4767 agimus.
905 4686 1040 4768 qiiadrat
1063 4686 1210 4750 iudiciuin
1233 4687 1328 4750 critiri
1352 4688 1522 4769 cuiusdam,
1552 4688 1635 4771 ‹puod
1658 4689 1687 4751 iii
1708 4688 1853 4752 Zarnelrii
1876 4697 2019 4752 aetorum

186 4801 355 4865 litterarum
370 4804 519 4886 opiisiulo
541 4805 582 4865 38
605 4805 678 4867 anni
705 4804 786 4867 1888
808 4806 866 4868 tert
885 4805 925 4869 de
942 4805 1121 4869 Sii'obodae
1143 4806 1221 4869 libro
1239 4805 1278 4870 de
1293 4806 1513 4872 Demosthenis
1528 4809 1706 4892 prooemiis:
1730 4807 1909 4883 „Siioboda
1932 4816 2020 4873 uitre
