4426 5678
1184 180 1225 243 14

290 388 441 461 πενέσταις
476 387 559 460 ἰδίοις
598 386 792 470 βοηθήσαντι,
830 385 885 449 οδκ
919 384 1106 469 ἐψηφίσαντο
1204 393 1207 461 ζ
1304 387 1377 470 πρδς
1398 381 1591 470 Ἀμφιπόλει,
1613 385 1753 469 πόλεμον,
1776 385 1956 470 τριακοσίοις
1977 384 2128 449 δ’ίππεδσι

290 508 450 583 πολιτείαν,
473 507 536 570 ἀλλ’
560 506 696 570 ἀτέλειαν
719 504 838 570 ἔδωκαν
861 505 961 588 μύνον.
1302 504 1456 577 πενέσταις
1493 505 1576 577 ἰδίοις
1616 505 1810 588 βοηθήσαντι,
1852 505 1905 568 οὐκ
1945 504 2129 588 ἐψηφίσαντ’

1204 686 1207 697 ,
1303 624 1401 699 αύτύν,
1424 619 1461 687 ίίν
1484 648 1525 697 τις
1554 624 1724 707 ἀποκτείνῃ,
1753 625 1902 709 ἀγώγιμον
1925 624 2014 701 εἶναι,
2043 625 2128 688 ἀλλά

1204 736 1207 833 χ
1302 744 1452 807 πολιτείαν
1471 741 1581 807 ἔδοσαν
1599 745 1650 806 καὶ
1667 743 1778 827 ταύτην
1792 746 1895 829 ἱκανὴν
1912 743 2128 830 ὑπελάμβανον

1303 862 1459 946 εἶναιτὴν
1481 865 1575 948 τιμήν.

461 981 597 1044 Primum
621 981 668 1043 hic
692 980 806 1043 omisa
828 986 899 1042 sunt
921 977 1016 1042 rerba
1039 981 1284 1057 ,λυσιτελούντως
1307 981 1412 1055 αύτυῖς
1433 983 1597 1057 ἐδίδοσαν“,
1620 981 1675 1045 sed
1698 982 1798 1064 ellipsi
1818 980 1905 1044 rerhi
1927 980 2015 1061 liniti,
2038 980 2127 1062 qnod

292 1101 439 1164 facillime
461 1119 501 1163 ex
522 1100 626 1182 verbo,
648 1097 732 1181 (pund
755 1097 911 1162 antecedit
934 1102 1088 1162 δεδώκατε
1108 1099 1279 1182 suppletur,
1303 1100 1467 1163 enunciuto
1490 1101 1638 1164 maiorem
1658 1100 1719 1162 rim
1742 1099 1867 1163 attribui
1890 1106 1981 1182 puto;
2008 1099 2130 1164 Weilio

293 1240 415 1303 quoque
449 1219 497 1284 hie
530 1221 616 1282 locus
649 1240 711 1283 non
743 1218 896 1302 displicet,
928 1218 966 1280 el.
989 1218 1222 1282 annotationem
1255 1215 1297 1280 ad
1334 1217 1412 1281 haec
1445 1218 1549 1282 rerba.
1593 1220 1634 1282 At
1664 1220 1761 1285 rnnlto
1788 1219 1887 1282 maior
1909 1217 2128 1302 discrepantia

293 1340 457 1423 postremis
479 1340 509 1401 iu
531 1339 633 1402 uerbis
655 1347 764 1402 exstat.
807 1338 899 1418 Nam,
922 1345 955 1400 nt
978 1357 1039 1399 non
1062 1339 1191 1400 multum
1214 1338 1243 1401 ei
1264 1338 1308 1401 rei
1330 1337 1511 1419 tribuamus,
1534 1337 1618 1418 quod
1641 1344 1745 1401 orator
1764 1337 1822 1401 hoe
1842 1339 1911 1401 loco
1927 1337 2132 1402 deducentis

293 1459 456 1541 equitibus,
491 1459 542 1522 illo
578 1458 617 1522 de
653 1458 796 1521 trecentis
831 1464 1063 1538 commemorat,
1095 1477 1159 1538 qna
1181 1458 1212 1519 in
1235 1476 1268 1520 re
1290 1457 1442 1521 memoria
1463 1457 1555 1521 lar-ile
1577 1456 1680 1540 decipi
1713 1466 1823 1541 potest,
1859 1457 1889 1520 in
1912 1458 2132 1527 Aristocratea

294 1575 447 1659 audimus,
470 1577 633 1641 lleuonem
656 1576 862 1657 Pharsaliurn,
889 1576 940 1658 qui
964 1574 1093 1656 Cimoni,
1126 1596 1196 1639 cum
1228 1596 1311 1640 anno
1342 1585 1415 1640 ante
1437 1575 1590 1641 Christum
1625 1581 1730 1639 natum
1753 1575 1818 1640 tto
1839 1577 1888 1640 rel
1909 1577 1973 1641 469
1995 1576 2133 1662 Amphi·

295 1698 379 1780 polin
402 1704 607 1781 oppugnaret,
630 1697 745 1760 auxilio
768 1696 912 1777 venisset,
935 1696 1092 1759 civitate
1113 1694 1263 1759 donatum
1285 1714 1362 1777 esse,
1385 1697 1415 1759 in
1432 1695 1491 1759 hae
1516 1696 1747 1759 immunitate
1770 1702 1898 1759 tantum.
1944 1695 2050 1772 Quid?
2076 1696 2132 1761 hic

295 1836 396 1880 nonne
418 1817 613 1880 manifestum
636 1827 691 1898 est,
714 1816 755 1879 ab
778 1816 873 1880 inscio
896 1815 1109 1880 declamatore
1131 1834 1195 1877 rem
1218 1835 1239 1878 a
1261 1814 1473 1878 Demosthene
1494 1822 1577 1878 recte
1599 1821 1757 1879 narratam
1774 1815 1852 1877 salso
1875 1816 2008 1878 relatam
2031 1815 2133 1880 esse?

295 1935 492 2016 Quanuqnam
504 1955 555 1999 res
567 1936 681 1998 nonita
693 1956 749 2019 pro
763 1943 848 1999 certo
860 1935 1011 1999 allirmari
1026 1942 1137 2018 potest,
1151 1936 1233 1997 οιΑ.
1246 1934 1430 1998 Sohaelerus
1444 1935 1528 2014 facit,
1546 1934 1598 2016 qui
1617 1935 1636 1997 l.
1649 1955 1674 1997 c.
1685 1934 1773 1998 dicit:
1798 1934 2020 2017 „sicherlich
2039 1934 2133 2000 hatte

296 2074 368 2117 man
390 2053 512 2117 damals
533 2053 585 2117 die
608 2053 873 2117 Steininschritten
895 2056 951 2117 rnit
974 2053 1035 2117 den
1058 2052 1263 2117 Besehlttssen
1285 2053 1365 2117 noch
1388 2073 1444 2116 ror
1465 2054 1604 2136 Augen“,
1629 2062 1733 2117 tamen
1756 2053 1870 2117 Wcilio
1892 2055 2055 2135 assentior,
2078 2056 2135 2137 qui

296 2178 410 2256 censet,
443 2173 578 2236 futurum
607 2172 701 2236 fuisse
722 2180 757 2236 ut
792 2173 982 2256 principibus
1003 2173 1121 2255 alienis,
1155 2173 1180 2237 si
1202 2172 1395 2237 immunitate
1425 2178 1545 2235 tanturn
1568 2171 1674 2236 donati
1703 2180 1816 2254 essent,
1848 2173 1909 2236 rile
1941 2172 2134 2238 heneficium

296 2292 430 2356 daretur.
475 2289 579 2366 Quare
601 2292 764 2355 uerisimile
787 2300 842 2374 est,
865 2312 928 2355 rem
951 2293 996 2355 ita
1018 2311 1052 2355 se
1075 2290 1199 2374 hahere,
1221 2300 1255 2356 nt
1276 2292 1389 2374 legitur
1410 2293 1441 2354 in
1464 2292 1681 2356 Aristocratea.
1725 2290 1819 2367 Quod
1841 2312 2030 2373 quamquam
2054 2312 2132 2357 con-

297 2410 446 2493 cedimus,
467 2416 572 2474 tamen
591 2430 651 2473 non
670 2411 958 2475 declamatorem
981 2413 1060 2475 salso
1076 2418 1104 2476 et
1121 2412 1216 2475 inscie
1229 2420 1364 2476 mutasse
1380 2411 1457 2475 illud
1473 2411 1598 2493 lactum,
1620 2410 1676 2475 sed
1695 2411 1982 2475 Dornosthenenr
2006 2413 2133 2495 ipsum

298 2530 438 2595 consulto
452 2529 584 2594 eandem
608 2550 673 2594 rem
688 2528 845 2594 diversum
867 2531 897 2593 in
920 2531 1046 2596 modurn
1070 2550 1212 2595 narrasse
1228 2530 1450 2594 contendimus.
1494 2530 1576 2593 Nam
1599 2531 1623 2594 si
1636 2531 1704 2612 quis
1717 2537 1834 2593 attente
1856 2539 1995 2594 oratores
2008 2531 2134 2596 Atticos

299 2650 438 2733 perlegit,
474 2650 500 2712 is
533 2651 599 2733 scit,
633 2669 739 2713 carnes
762 2650 971 2715 Demosthene
993 2672 1054 2715 non
1076 2658 1207 2735 excepto
1230 2652 1356 2714 minime
1378 2648 1521 2713 dubitare
1543 2651 1635 2731 faeta,
1658 2660 1748 2732 prout
1770 2670 1829 2728 res,
1860 2648 1900 2713 de
1918 2670 1980 2731 qna
2002 2658 2134 2734 agatur,

298 2769 440 2852 postulet,
472 2769 547 2831 alio
569 2769 650 2832 loco
674 2779 709 2832 et
732 2776 900 2852 ternpore
922 2770 1033 2834 aliter
1054 2791 1222 2853 narrare;
1255 2771 1394 2835 Blassius
1417 2771 1435 2833 l.
1459 2791 1485 2833 c.
1508 2790 1537 2852 p.
1562 2769 1735 2834 launoius
1758 2770 1801 2832 rei
1824 2769 1959 2850 insignia
1980 2771 2135 2854 exempla

298 2888 402 2967 affert3
425 2888 462 2951 cl.
485 2888 685 2971 Spengelinm
708 2908 828 2970 qrroque
851 2889 870 2952 l.
894 2909 920 2951 c.
943 2910 973 2973 p.
999 2890 1067 2953 109.
1112 2890 1205 2967 Quod
1226 2893 1263 2953 A.
1287 2888 1474 2954 Schaelerns
1497 2890 1696 2973 contemptim
1717 2889 1757 2953 de
1780 2888 1929 2952 hocloco
1953 2889 2041 2954 dicit:
2074 2910 2134 2971 „es

298 3015 383 3091 passt
405 3006 475 3070 dern
499 3006 616 3070 Rhetor
639 3007 689 3070 die
712 3007 901 3072 Anti-These
924 3008 980 3072 des
1002 3007 1228 3073 Demosthenes
1249 3009 1298 3073 tur
1320 3010 1426 3073 seinen
1449 3009 1547 3072 Krarn
1571 3007 1682 3090 rricht“,
1705 3017 1751 3072 est
1773 3029 1848 3073 uera
1869 3029 1974 3089 cansa,
1998 3029 2053 3073 cnr
2066 3010 2133 3075 De

298 3126 473 3190 mosthenes
495 3126 561 3209 ipse
577 3125 625 3189 hie
648 3127 762 3189 laetum
777 3128 867 3190 aliter
882 3136 974 3209 atque
995 3129 1026 3191 in
1040 3129 1252 3193 Aristocratea
1273 3130 1417 3212 proferat.
1451 3129 1486 3192 In
1500 3129 1708 3192 Aristocraten
1725 3130 1924 3211 rogationem,
1947 3138 1989 3210 nt,
2011 3130 2036 3192 si
2059 3131 2133 3211 quis

299 3244 520 3309 Charidemum
542 3245 741 3325 interfecerit,
767 3247 793 3308 is
814 3246 929 3328 ubique
951 3248 980 3311 in
1003 3247 1115 3312 finibus
1127 3248 1237 3313 Atticis
1253 3248 1512 3331 deprehendatur,
1535 3249 1580 3312 ita
1596 3248 1768 3331 impugnat,
1791 3255 1823 3311 ut
1845 3249 1928 3312 circs
1950 3267 2134 3315 commone—

300 3363 403 3445 faciat,
434 3364 568 3427 aratores
590 3364 768 3447 peregrinis,
802 3366 854 3446 (pri
888 3365 927 3429 de
960 3386 993 3430 re
1016 3367 1141 3450 publica
1164 3369 1280 3451 optime
1302 3368 1400 3431 meriti
1422 3368 1491 3448 sint,
1524 3367 1684 3431 civitatem
1706 3374 1824 3431 tanturn
1846 3367 1980 3449 dedisse,
2016 3368 2047 3430 in
2070 3367 2136 3432 hae

299 3483 447 3564 oratione,
470 3502 532 3564 qua
554 3483 637 3546 eires
668 3482 875 3566 reprehendit,
908 3484 992 3565 quod
1024 3492 1158 3569 anctore,
1194 3488 1225 3550 ni
1259 3487 1403 3568 fallimur,
1435 3484 1557 3550 Eubulo
1582 3486 1739 3549 civitatem
1762 3486 1901 3568 plurihns
1924 3494 1955 3549 et
1991 3485 2137 3568 indignis

300 3602 403 3684 largiti
425 3603 494 3684 sint,
516 3603 630 3665 civitati
654 3602 748 3666 effuse
771 3602 866 3668 datae
888 3605 1113 3670 immunitatem
1135 3627 1230 3691 parce
1251 3627 1272 3670 a
1293 3607 1462 3670 maioribus
1483 3607 1669 3690 impertitam
1694 3606 1831 3688 opponit.

470 3722 617 3786 Venimus
638 3720 680 3785 ad
703 3731 882 3803 sequentem
906 3724 1149 3809 paragraphum,

675 3843 757 3922 §24
780 3841 867 3905 huius
888 3844 1042 3926 craticule,
1065 3846 1114 3909 eui
1135 3845 1292 3909 simillima
1314 3852 1361 3908 est
1384 3845 1402 3926 ἓ
1424 3843 1488 3908 200
1509 3844 1749 3907 Aristocratcae:

385 3963 591 4046 καὶπρότερον
607 3963 713 4026 τούτου
730 3963 887 4047 Περδίκκᾳ,
906 3970 949 4051 τῷ
968 3966 1046 4028 κατδι
1063 3969 1116 4049 τἠν

300 4086 353 4144 τοῦ
385 4082 536 4166 βαρβάρου
586 4080 649 4144 ποτ’
682 4082 887 4166 ἐπιστρατείαν
932 4085 1116 4168 βασιλεύοντι

241 4217 245 4224 ·
302 4197 500 4275 Μακεδονίας,
531 4203 600 4274 τούς
635 4201 869 4285 ἀναχωροῦντας
898 4203 932 4265 ἐκ
956 4202 1115 4268 Πλαταιῶν

301 4325 360 4382 τῶν
383 4320 540 4404 βαρβάρων
564 4321 622 4384 ἀπδ
649 4327 702 4405 τῆς
725 4318 816 4404 ἥττης
837 4324 1043 4408 διαφθείραντι
1066 4327 1116 4388 καὶ

301 4440 413 4504 τέλειον
440 4439 600 4524 τάτύχημα
627 4441 781 4523 ποιήσαντι
821 4448 864 4528 τῷ
889 4443 1016 4526 βασιλεῖ,
1061 4445 1115 4508 οὐκ

302 4559 487 4644 ἐψηφίσαντο
525 4561 682 4636 πολιτείαν,
723 4560 787 4624 ἀλλ’
823 4562 959 4625 ἀτέλειαν
996 4560 1115 4626 ἔδωκαν

302 4678 400 4762 μόνον,
433 4680 566 4762 μεγάλην
589 4681 638 4741 καὶ
669 4681 776 4762 τιμίαν,
808 4681 902 4764 οἶμαι,
934 4683 983 4746 καὶ
1006 4685 1114 4766 σεμνὴν

302 4803 355 4884 τὴν
379 4799 476 4862 αὐτῶν
492 4799 620 4882 πατρίδα
638 4799 796 4884 ἡγούμενοι
812 4803 862 4863 καὶ
879 4802 976 4885 πάσης
991 4802 1114 4885 μείζονα

1396 3966 1447 4027 καὶ
1468 3967 1554 4028 πάλιν
1570 3963 1728 4048 Περδίκκᾳ,
1746 3968 1789 4050 τῷ
1809 3964 1886 4026 κατὰ
1904 3965 1958 4047 τὴν
1980 3969 2033 4027 τοῦ
2056 3965 2133 4050 βαρ·

1312 4085 1405 4168 βάρου
1423 4083 1487 4147 ποτ’
1506 4083 1712 4168 ἐπιστρατείαν
1731 4083 1915 4165 βασιλεύοντι
1929 4081 2135 4160 Μακεδονίας,

1311 4206 1380 4277 τοὺς
1402 4204 1636 4287 ἀναχωροῦντας
1657 4203 1691 4265 ἐκ
1709 4202 1870 4267 Πλαταιῶν
1888 4209 1947 4266 τῶν
1967 4205 2132 4289 βαρβάρων

1311 4323 1518 4408 διαφθείραντι
1551 4324 1601 4385 καὶ
1633 4323 1745 4387 τέλειον
1779 4323 1940 4407 τάτύχημα
1972 4324 2131 4406 ποιήσαντι

1311 4450 1355 4529 τῷ
1385 4443 1513 4525 βασιλεῖ,
1553 4442 1607 4505 οὐκ
1644 4444 1829 4528 ἐψηφίσαντο
1859 4443 2009 4525 ἀγώγιμον
2038 4443 2131 4520 εἶναι,

1312 4557 1348 4626 ἄν
1367 4587 1408 4635 τις
1431 4561 1592 4646 ἀποκτείνη
1612 4562 1788 4647 Περδίκκαν,
1810 4557 1835 4649 ιβ
1851 4564 1989 4646 βασιλεὺς
2012 4564 2027 4626 l
2052 4563 2132 4648 Περ-

1312 4689 1373 4746 σῶν
1388 4683 1499 4767 ἐχθρδς
1516 4681 1552 4745 δι’
1575 4683 1653 4765 ημᾶς
1666 4682 1868 4756 ἀπεδέδεικτο,
1885 4683 1962 4746 ἀλλὰ
1976 4684 2134 4747 πολιτείαν

1312 4800 1431 4866 ἔδωκαν
1464 4801 1564 4884 μόνον.
1607 4803 1657 4864 καὶ
1689 4803 1745 4886 γάρ
1776 4826 1821 4867 τοι
1853 4803 1921 4865 τύτε
1956 4803 2009 4885 μὲν
2047 4798 2134 4867 οὕτω
