4426 5678
187 409 361 474 rideantur.
406 409 488 473 Nam
519 415 603 472 reete
632 408 694 471 iam
719 407 946 492 Brouglramius
976 409 1053 474 vidit
1086 430 1233 492 maguum
1268 416 1421 473 oratorem
1457 429 1517 471 uon
1551 408 1736 473 verbotenus
1767 408 1822 471 bos
1856 410 1940 473 loros
1974 428 2020 474 re-

186 537 303 614 petere,
326 527 382 592 sed
404 522 526 591 summa
548 547 619 591 eum
642 526 802 608 diligentia
825 525 992 593 emendare
1016 536 1045 592 et
1068 530 1174 612 polire.

551 646 618 709 Iam
641 666 790 730 eompara
813 650 831 728 ξ
854 649 892 712 21
918 648 1006 713 brrius
1027 649 1177 735 errationis
1200 667 1269 711 oum
1294 650 1312 728 ξ
1339 648 1397 710 loo
1422 647 1659 711 Aristocrateae.
1704 715 1706 720 ,

275 818 312 832 ..
337 818 373 832 ..
407 764 528 830 lineium
555 768 768 859 Θεμιστοκλέα,
808 770 858 831 τόν
891 772 943 853 τὴν
977 770 1007 832 ἐν
1104 770 1107 777 ’
1289 775 1407 852 πρῶτον
1429 769 1480 852 μὲν
1504 770 1599 832 τοίνυν
1619 769 1729 831 ἐκεῖνοι
1742 768 1955 851 separante·
1969 769 2019 830 τόν

188 888 339 970 Σαλαμῖνι
349 887 519 970 ναυμαχίαν
530 894 762 971 στρατηγοῦντα,
775 885 1007 971 καὶλίιλτιοίόην,
1204 890 1258 971 τὴν
1297 889 1327 950 ἐν
1365 887 1515 970 Σαλαμῖνι
1548 888 1719 972 ναυμαχίαν
1760 888 1929 969 νικήσαντα,
1970 889 2020 950 καὶ

189 1011 239 1071 τόν
262 1007 426 1090 ηγοόμενον
449 1003 628 1089 Μαραθῶνι,
660 1007 710 1068 καὶ
732 1008 861 1080 πολλοὺς
891 1001 1008 1079 ἄλλους,
1105 1028 1106 1039 ’
1143 1007 1160 1044 ⁴
1205 1006 1381 1090 λίιλτιαίόην,
1393 1010 1443 1070 τόν
1457 1007 1620 1090 ἡγούμενον
1633 1005 1813 1090 λίαραθῶνι,
1826 1007 1875 1067 καὶ
1888 1007 2020 1077 πολλοὺς

189 1127 243 1190 οὐκ
257 1127 306 1189 ίσα
323 1132 387 1198 τοῖς
404 1131 453 1188 νῦν
471 1132 650 1208 στρατηροῐς
671 1125 775 1206 σἰγαθόι
791 1127 1008 1210 εἰργασμένους,
1105 1118 1106 1127 ’
1174 1150 1179 1160 ’
1205 1122 1322 1199 όίλλους,
1361 1127 1414 1188 οὐκ
1446 1127 1495 1188 ἴσα
1527 1132 1592 1198 τοῖς
1623 1132 1672 1189 νῦν
1706 1131 1886 1210 στρατηγοῖς
1917 1124 2020 1206 ἀγαθὰ

189 1245 232 1330 pir
255 1244 306 1321 ol,
333 1246 366 1308 οὐ
388 1250 520 1328 χαλκοῦς
543 1245 675 1319 ίστοισαν,
699 1243 763 1308 ἀλλ’
788 1248 827 1317 ίυς
850 1246 935 1309 οὐδὲν
957 1246 1008 1307 αὖ·
1099 1255 1103 1262 “
1205 1246 1421 1330 εἰργασμένους,
1457 1246 1491 1308 οὐ
1525 1249 1658 1331 χαλκοός
1692 1247 1815 1308 ίστασαν
1844 1243 1906 1308 οὐδ’
1934 1244 2019 1328 ὑπερ-

188 1372 248 1429 τῶν
271 1365 423 1448 κρείττους
445 1359 540 1439 όντας,
565 1360 659 1437 οότως
683 1364 802 1449 ἐτίμων.
1204 1367 1339 1450 ηγνίτων.
1671 1341 1673 1348 ¹

358 1481 558 1545 Desideratur
576 1481 666 1561 igitur
679 1483 708 1544 iu
729 1482 796 1561 §1⁴21
812 1481 951 1545 lorrnula'
964 1482 1017 1544 illa
1034 1472 1248 1546 enumeralira
1271 1492 1389 1570 πρῶτον
1407 1487 1458 1567 μὲν
1482 1485 1590 1561 τοίνυνς
1615 1502 1670 1564 pro
1683 1481 1846 1564 participio
1860 1483 2020 1565 νικήσαντα

187 1608 233 1665 est
255 1609 438 1683 rrsurpatum
472 1609 704 1686 στρατηγοῦντα,
738 1600 820 1684 quod
855 1602 1048 1665 orniunetum
1082 1609 1127 1666 est
1162 1622 1231 1666 oum
1254 1604 1438 1666 nemrsatiro.
1455 1603 1507 1683 rei,
1542 1601 1583 1664 ad
1606 1621 1700 1682 ‹prmu
1724 1601 1852 1663 verbum
1874 1600 2020 1683 portinet3

188 1722 288 1785 simile
311 1721 389 1802 legis
412 1721 441 1782 iu
465 1721 624 1802 orationis,
658 1741 736 1811 «pirae
755 1701 815 1784 'est
847 1722 925 1785 iuter
947 1721 1201 1786 llemostlreuiras
1224 1721 1339 1802 XLIX,
1363 1720 1563 1804 paragrapho
1585 1722 1639 1784 ao:
1675 1728 1871 1806 ,στρατηγεῖν
1901 1723 1951 1784 τόν
1976 1721 2020 1782 ἐπ’

189 1841 331 1925 Αίγυττον
365 1843 523 1926 πόλ,εμον“.
568 1840 690 1903 Deinde
724 1839 833 1903 addita
866 1849 912 1904 est
945 1842 1078 1904 lorumla
1106 1843 1162 1904 illa
1186 1840 1382 1903 iurisiurandi
1414 1860 1507 1921 uuam
1535 1841 1671 1903 urauime
1705 1841 1818 1903 usitata
1852 1841 1910 1924 ,μά
1932 1840 2020 1911 Δίαίξ

189 1968 346 2043 postremo
358 1959 454 2022 rerba
474 1960 534 2023 οὐδ’
551 1961 749 2044 ὑπερηγάπων
764 1966 882 2031 mutata
894 1968 965 2024 sont
980 1961 1010 2023 iu
1024 1960 1085 2028 ἀλλ’
1107 1966 1147 2036 ὡς
1164 1962 1249 2026 οὐδέν
1265 1964 1416 2047 κρείσσους
1434 1956 1529 2037 όντας,
1546 1958 1640 2034 οότως
1655 1962 1771 2043 ἐτίμων.
1803 1958 1923 2039 Cetera,
1938 1976 2020 2038 (puae

189 2089 295 2142 orator
308 2080 449 2159 mutarit,
471 2079 546 2140 nibil
562 2080 739 2143 urtieusiouis
758 2078 883 2161 babent,
907 2086 1064 2164 postrema
1080 2088 1184 2144 autem
1198 2081 1302 2162 rerba,
1316 2081 1366 2144 ubi
1383 2081 1515 2162 primum
1532 2080 1673 2161 legimus,
1686 2077 1783 2141 rideri
1799 2076 2020 2140 declamatoris

189 2199 338 2262 inscitiam
363 2206 394 2262 et
416 2200 618 2262 insulsitatem
643 2198 785 2263 redolere
807 2220 870 2262 nou
892 2220 1050 2281 negamus.
1096 2200 1305 2276 Quamobrem
1323 2200 1457 2264 Cobetus
1479 2220 1518 2263 ea
1541 2198 1679 2263 absurda
1701 2217 1769 2262 esse
1792 2195 1947 2275 iridis-mit,
1970 2195 2019 2257 eui

189 2318 317 2382 Weilius
349 2320 512 2382 assentitus
543 2326 596 2383 est.
641 2318 837 2401 Quannpram
860 2339 916 2382 uos
949 2340 1071 2402 (promte
1095 2322 1125 2383 iu
1148 2319 1194 2382 bis
1214 2320 1316 2384 uerbis
1339 2320 1469 2403 primum
1493 2318 1686 2400 offendimus,
1709 2328 1811 2382 tamen
1835 2337 1867 2380 re
1890 2317 2018 2379 umltum

189 2439 309 2520 agitata
331 2458 369 2501 ea
392 2437 562 2502 deleudere
585 2439 653 2502 ausi
675 2439 777 2502 sirmis.
821 2421 904 2502 Num
926 2441 1056 2503 multum
1081 2441 1208 2504 interest
1245 2441 1321 2503 inter
1353 2441 1408 2503 lias
1430 2438 1510 2502 (luas
1537 2440 1703 2506 orationes:
1731 2439 1824 2520 plane
1847 2435 1931 2500 aliud
1954 2435 2018 2498 etli-

189 2577 259 2622 eere
281 2558 347 2622 rub
369 2563 473 2620 orator
495 2558 716 2641 Aristocraten²
739 2557 826 2638 aliud
850 2558 973 2622 decima
995 2561 1094 2624 tertia.
1138 2561 1197 2624 llla
1219 2561 1312 2623 rrirrrio
1347 2559 1464 2637 bouuri,
1491 2578 1552 2639 quo
1584 2558 1718 2620 alienum
1750 2556 1861 2620 rlrreem
1893 2555 2019 2619 allieere

188 2677 314 2740 uolebat
337 2677 550 2756 Aristocraten,
574 2683 678 2740 orator·
700 2677 828 2759 obsistit,
853 2677 911 2740 lure
934 2679 1017 2741 eires
1040 2679 1177 2762 impellit,
1211 2686 1242 2741 ut
1275 2697 1378 2740 rursus
1411 2678 1562 2741 maiorum
1598 2678 1691 2740 irrstnr
1726 2677 1783 2758 ipsi
1814 2675 1905 2739 rebus
1935 2673 2017 2738 domi

160 2852 164 2861 .
189 2797 367 2876 rniltiaeque
382 2793 526 2875 gerendis
545 2795 683 2858 intersint
700 2815 779 2858 uere
798 2797 985 2878 pemrittant,
1008 2804 1040 2859 ut
1061 2806 1228 2861 oratores
1250 2803 1284 2860 et
1302 2796 1415 2861 duoes
1434 2816 1573 2860 omnem
1597 2797 1859 2860 alletoritatem
1883 2800 1918 2856 et
1940 2794 2019 2874 glo-

189 2916 283 2978 riam
305 2913 374 2977 sibi
397 2919 550 2976 sumant.
582 2911 673 2989 Quod
687 2921 719 2975 ut
735 2913 854 2977 civilius
866 2915 1063 2997 persuadeat,
1088 2916 1238 2980 dioendi
1257 2918 1559 3000 amplitioatioue
1578 2914 1735 2998 quadam
1754 2914 1854 2997 (tricet,
1867 2914 2018 2976 maiorum

189 3033 379 3116 temporibus
403 3031 584 3111 ltliltiadeur,
607 3032 858 3113 Tlrernistorlem,
882 3034 961 3097 alios
984 3035 1085 3098 claros
1108 3036 1190 3099 uiros
1224 3038 1328 3100 velut
1360 3037 1497 3120 primos
1531 3037 1626 3098 inter
1656 3054 1765 3117 pares
1795 3034 1923 3112 luisse,
1957 3032 2019 3095 suis

187 3152 376 3236 temporibus
398 3157 536 3216 oratores
559 3160 589 3216 et
612 3151 706 3217 duees
721 3154 826 3235 magni
849 3154 1014 3237 aestimari,
1038 3157 1187 3238 populum
1210 3177 1265 3238 pro
1288 3157 1382 3220 nibilo
1407 3157 1515 3240 putari.
1559 3155 1609 3218 Ita
1630 3161 1714 3218 reete
1732 3152 1827 3218 rerba
1851 3174 1906 3217 uos
1929 3153 2018 3216 iuter-

188 3273 305 3356 pretari
327 3291 364 3335 eo
386 3291 509 3352 qnoqoe
532 3281 675 3355 apparet,
711 3272 796 3354 quod
820 3283 934 3356 orator,
956 3295 1037 3358 (puae
1059 3277 1230 3339 sententiae
1253 3275 1400 3360 deinceps
1424 3276 1453 3338 iu
1485 3273 1683 3359 pmagrapbo
1709 3273 1766 3337 tot
1790 3274 2020 3336 Aristocrateae

188 3394 343 3474 leguntur,
377 3391 446 3454 truie
469 3393 600 3454 orationi
624 3412 684 3456 uon
708 3393 845 3456 inseruit.
889 3393 1036 3478 Explicat
1058 3395 1139 3459 euim
1163 3395 1389 3460 Demosthenes
1411 3396 1464 3458 illo
1488 3396 1557 3458 loeo
1579 3393 1709 3458 duribus
1739 3402 1803 3456 tum
1836 3392 1866 3456 id
1898 3411 2020 3457 summo

188 3513 297 3576 honori
320 3511 424 3592 fuisse,
447 3510 530 3591 quod
553 3511 622 3573 aliis
645 3512 762 3575 eiritrus
784 3521 972 3595 praeessent.
1017 3514 1108 3578 Hune
1131 3515 1288 3598 honorem,
1321 3515 1463 3595 utramuis
1495 3515 1648 3595 meritum,
1682 3512 1795 3576 dueum
1828 3512 1877 3575 trio
1900 3512 2019 3575 silentio

188 3632 415 3717 praetermittit,
437 3631 554 3713 quippe
577 3630 629 3712 qui
652 3631 735 3695 eires
757 3631 799 3695 ad
825 3631 855 3696 id
879 3634 980 3716 ipsum
1003 3633 1126 3698 studeat
1159 3634 1327 3716 stridorem,
1350 3641 1383 3697 ut
1405 3634 1505 3716 magis
1527 3633 1586 3697 sibi
1609 3633 1666 3717 ipsi
1690 3632 1858 3696 ooulidant.
1903 3632 2019 3695 Contra

188 3770 341 3832 quereres
364 3748 478 3813 deiude
502 3750 531 3812 in
555 3751 891 3825 §losannensem
913 3761 1090 3836 sequuntur,
1111 3775 1180 3818 eum
1204 3755 1319 3839 optime
1340 3753 1450 3818 rerba:
1473 3752 1556 3831 ,ἀλλ’
1579 3758 1619 3827 ῶς
1643 3755 1727 3818 οὐδὲν
1750 3754 1848 3816 αὐτῶν
1871 3753 2020 3837 κρείττους

188 3868 294 3944 ὄντας(
312 3870 494 3933 continuent
507 3888 608 3951 neque
624 3869 793 3952 quidquam
807 3871 893 3935 aliud
908 3873 965 3937 uisi
979 3893 1027 3937 res
1040 3873 1200 3939 historicas
1215 3876 1383 3957 proterant,
1397 3875 1463 3937 tere
1475 3872 1659 3936 verbotenus
1676 3872 1706 3934 iu
1718 3871 1864 3935 orationis
1876 3869 2019 3935 deeiurao

191 3990 302 4054 tertiae
325 3987 524 4071 paragrapho
547 3989 783 4053 moruorum.

361 4107 606 4191 Parugrapbum,
619 4129 700 4189 «luae
711 4108 860 4194 deinceps
869 4112 1016 4194 sequitur,
1028 4112 1103 4177 libet
1112 4113 1276 4195 suscribere,
1289 4119 1320 4176 ut
1337 4132 1406 4175 oum
1415 4110 1644 4174 Aristomateae
1655 4108 1757 4172 uerbis
1769 4109 1899 4172 routerri
1911 4109 2019 4193 possit:

415 4227 497 4309 §23
520 4225 609 4291 buius
631 4228 785 4293 orationis.
1106 4235 1108 4245 '
1203 4240 1206 4253 '
1431 4232 1533 4307 §199
1555 4229 1794 4293 Ariston-rutena

275 4349 327 4421 τὰς
347 4350 399 4432 μἐν
422 4351 459 4432 δὴ
481 4349 633 4423 πολιτικὰς
650 4350 766 4433 δωρεὰς
783 4347 877 4424 οὕτως
897 4353 1009 4416 ἐκεῖνοί
1106 4352 1108 4369 ’
1289 4353 1341 4424 τὰς
1363 4353 1414 4436 μὲν
1438 4355 1475 4435 ὀὴ
1495 4351 1646 4423 πολιτικὰς
1663 4350 1778 4434 δωρεὰς
1795 4346 1890 4422 οὕτως
1907 4350 2020 4413 ἐκεῖνοί

189 4493 223 4531 τε
246 4473 347 4540 καλῶς
363 4471 413 4530 καὶ
430 4469 517 4552 ὑμεῖς
536 4469 589 4531 οὐκ
608 4469 717 4552 ὀρθῶς,
740 4471 776 4532 τὰ
794 4471 827 4533 δὲ
845 4477 903 4533 τῶν
920 4471 1007 4540 ξένων
1204 4495 1236 4534 τε
1269 4476 1370 4543 καλῶς
1405 4472 1455 4533 καὶ
1484 4469 1713 4543 λυσιτελούντως
1747 4470 1851 4542 αυτοῖς
1882 4469 2019 4532 ἐδίδοσαν

190 4595 267 4661 τῶςς
286 4584 422 4651 'lineium
454 4586 580 4663 Μένωνι,
612 4594 654 4675 τῷ
679 4588 854 4673 (θαρσαλίιρ,
888 4592 1007 4652 δώδεκα
1205 4593 1256 4653 καὶ
1279 4592 1368 4674 ἡμεῖς
1391 4590 1444 4654 οὐκ
1469 4589 1577 4673 ὀρθῶς.
1619 4590 1672 4662 τὰς
1694 4590 1728 4653 δὲ
1754 4596 1813 4652 τῶν
1835 4589 1922 4659 ξένων
1944 4593 2019 4662 ιτῶςς

191 4709 245 4787 μὲν
267 4706 386 4770 τάλαντ’
411 4709 552 4790 ἀργυρίου
575 4708 655 4771 δόντι
678 4711 752 4793 πρός
767 4711 818 4772 τόν
835 4707 879 4771 ἐπ’
897 4706 1007 4783 Ἠϊόνι,
1204 4711 1316 4774 ἐκεῖνοι
1353 4708 1479 4784 Μένωνι,
1517 4716 1560 4796 τῶ
1594 4710 1770 4794 Φαρσαλίῳ,
1809 4710 1928 4771 iridem
1968 4708 2020 4791 μὲν

190 4831 313 4911 τῇτρός
332 4825 1006 4913 Ἀμριτόλεητόλεμοηοιακοσίοιςδλτιτεῦσι
1203 4829 1321 4893 τάλαντ’
1345 4830 1485 4914 ἀργυρίου
1516 4829 1595 4893 δόντι
1620 4832 1693 4914 πρός
1714 4831 1764 4891 τόν
1787 4824 2019 4911 ἐπ”ίίϊόνητῇ
