4426 5678
998 206 1105 302 ...⁴

182 427 220 470 nu
244 408 366 488 pollen,
391 427 512 471 wesseu
534 409 578 471 sie
601 409 655 475 sei,
678 408 753 472 oder
776 429 897 472 nessen
917 411 960 473 sie
983 410 1064 474 nieht
1088 410 1141 492 sei,
1165 410 1245 475 noeh
1268 411 1333 474 sein
1356 409 1473 475 hituue:
1499 407 1580 471 demr
1603 410 1645 470 da
1669 409 1813 471 konnuen
1837 408 1908 471 sehr
1927 408 2006 470 rielo

186 525 357 590 I'msti'rude
395 547 583 607 zrrsanrmeu,
618 527 668 590 die
704 526 763 591 den
796 528 972 612 Aussprueh
1007 529 1170 594 aufhalteu
1201 530 1264 593 und
1298 529 1347 593 bei
1381 528 1462 591 ihrer
1490 527 1568 591 noeh
1596 548 1629 587 so
1657 527 1857 590 seheinbaren
1885 527 2006 589 Gestah

185 644 327 709 ‹lermoeh
350 654 458 727 trhgeu
482 646 616 709 konnen.

354 764 444 829 Duae
463 772 567 830 autem
587 766 778 848 potissmium
798 789 847 830 res
865 768 905 830 ab
925 768 1066 833 onmihus
1084 770 1146 832 sere
1165 768 1340 833 hominibus
1358 767 1456 831 doctis
1475 768 1504 830 in
1535 766 1592 829 hae
1619 766 1756 828 oratione
1781 765 2005 847 vituperantur:

184 886 292 968 prima.
317 885 400 966 quod
424 887 601 948 tractatio
624 906 741 950 rerum
766 889 816 950 ita
841 909 909 951 non
932 908 1068 951 sumum
1090 897 1239 951 oratore
1263 887 1378 969 digua
1400 888 1460 953 sit.
1483 893 1515 949 ut
1530 906 1577 957 ea,
1600 884 1872 966 «precaminum,
1895 904 2005 966 parum

184 1006 263 1067 inter
290 1025 323 1067 so
351 1006 512 1068 eoniuueta
538 1006 596 1068 sint
626 1026 723 1089 meque
746 1009 820 1071 satis
850 1018 1011 1091 appareat,
1044 1006 1117 1090 quid
1147 1015 1250 1070 orator
1279 1006 1336 1069 sibi
1367 1007 1568 1090 proposuerit,
1600 1006 1706 1085 altera,
1744 1001 1841 1084 ‹pmd
1875 1003 2004 1084 paneis

183 1124 308 1187 uerbis
328 1125 563 1188 eommutatis
578 1145 712 1201 inagna
730 1127 913 1191 orationis
933 1147 1018 1210 pars
1033 1147 1075 1190 ex
1093 1126 1179 1190 aliis
1194 1124 1494 1190 I‘Iemostheniois
1512 1122 1744 1187 orationibus
1760 1122 1946 1206 deprompta
1960 1123 2006 1184 sit.

969 1247 1081 1328 t'nput
1104 1243 1219 1327 prius.

354 1360 391 1423 ist
418 1363 551 1444 priorem
575 1363 839 1445 rituperationeru.
863 1385 934 1427 nnnr
959 1376 1040 1428 reete
1063 1384 1097 1427 se
1120 1363 1242 1441 haheat,
1265 1362 1480 1443 diiudieemus,

671 1483 963 1567 Itispositiorrem
987 1496 1022 1547 et
1044 1496 1302 1566 argumentum
1324 1483 1506 1546 orationis

184 1600 363 1662 examinare
386 1599 466 1665 hbet.

354 1719 583 1782 Prooemium
602 1725 795 1806 ιπρααίμιαννε
839 1722 930 1798 Quod
946 1742 1061 1803 onmes,
1085 1723 1141 1785 nisi
1157 1722 1258 1804 faIIor,
1280 1720 1413 1785 editores
1428 1719 1534 1802 effugit
1557 1756 1607 1799 —,
1629 1727 1661 1782 ut
1678 1730 1809 1802 apparet
1825 1738 1862 1781 ex
1880 1719 2006 1799 siugulis

184 1837 279 1907 libris,
307 1838 356 1901 ubi
385 1858 536 1920 nusquam
560 1840 617 1903 hoe
638 1841 707 1905 loeo
730 1843 923 1905 iuterraihuu
948 1852 994 1904 est
1017 1840 1192 1905 distinctum
1217 1879 1267 1921 --,
1295 1841 1485 1924 prooemium
1507 1839 1607 1923 prima
1632 1839 1783 1901 etaltera
1807 1836 2005 1920 paragrapho

183 1957 312 2037 absolui,
336 1958 396 2020 Iam
420 1957 616 2023 scholiastab
639 1970 722 2023 reete
753 1963 854 2024 sensit.
898 1961 947 2023 Ita
968 1962 1047 2025 enirn
1071 1974 1177 2024 orator
1197 1981 1260 2024 rem
1284 1962 1363 2041 agit:

352 2081 370 2150 ς·
399 2079 424 2139 l.
447 2077 668 2141 Oratoribus
691 2091 832 2143 neutrum
856 2099 924 2143 esse
947 2079 1081 2151 ‹lim-ite,
1112 2089 1166 2143 aut
1198 2080 1331 2162 probare
1358 2087 1410 2142 aut
1442 2078 1618 2162 improbare
1649 2089 1808 2159 argeutum
1842 2079 1888 2140 ιτὸ
1912 2082 2004 2162 παρὸν

186 2199 330 2282 ἀργύριον,
361 2197 504 2262 lieishius
519 2199 662 2261 eonIeeit:
689 2202 785 2285 περιόν
811 2230 845 2252 =
870 2199 1071 2284 redurnlans),
1095 2200 1133 2264 de
1157 2220 1218 2281 ipro
1234 2198 1429 2275 deliberetur,
1445 2199 1590 2263 distribui.
1635 2197 1715 2260 Nam
1729 2217 1805 2276 esse,
1824 2197 1874 2277 qui
1888 2198 2005 2276 utrique

184 2319 357 2381 sententiae
370 2317 584 2393 assentiantur,
608 2319 696 2381 aheri
709 2339 872 2402 pauperes.
895 2321 983 2384 alteri
1002 2319 1122 2383 divites.
1166 2320 1282 2383 Omnes
1301 2320 1382 2383 enim
1402 2319 1484 2382 eires
1502 2337 1562 2381 uon
1582 2319 1625 2381 rei
1655 2315 1798 2401 pubiieae
1828 2314 2006 2379 eommodis.

184 2435 239 2499 sed
263 2437 325 2499 suis
349 2438 484 2520 ipsorum
509 2435 588 2500 duri.

354 2558 422 2629 §2
445 2576 514 2620 sese
537 2576 635 2640 neque
658 2557 790 2621 suadere
813 2577 912 2639 neque
934 2558 1124 2635 dissuadere,
1148 2568 1180 2621 ut
1203 2557 1234 2621 id
1257 2566 1418 2640 argeutum
1441 2557 1652 2623 distribuatur:
1676 2554 1707 2619 iu
1731 2566 1847 2618 tautum
1872 2572 2004 2616 nronere.

186 2674 259 2738 iIIud
283 2686 445 2756 argentum
468 2696 536 2739 esse
559 2678 715 2757 exiguum.
737 2697 883 2758 magnam
902 2677 1166 2755 eonsuetruIInem
1190 2697 1270 2759 quae
1292 2677 1381 2740 simui
1404 2677 1527 2760 irrepat.
1572 2676 1604 2739 si
1617 2674 1820 2739 Athenienses
1842 2672 2003 2755 peeuuiam

184 2814 221 2855 eo
240 2795 344 2858 auimo
362 2795 527 2879 aoeipiant,
551 2804 583 2859 ut
605 2795 707 2859 ohieia
726 2798 852 2881 explere
871 2797 973 2877 veiint,
993 2818 1053 2862 rem
1075 2797 1230 2880 pubhernn
1249 2817 1402 2861 summum
1421 2818 1460 2861 ex
1478 2816 1516 2861 ea
1535 2798 1664 2860 Iruetmn
1685 2802 1844 2878 rupturam
1864 2812 1940 2859 esse,
1959 2792 2004 2852 siu

185 2924 287 2976 autem
307 2911 436 2978 adeam
457 2913 672 2997 accipiendam
694 2915 767 2979 nibil
787 2914 872 2979 ahud
892 2917 948 2979 nisi
967 2917 1035 2980 festi
1054 2915 1120 2980 dies
1139 2916 1301 2998 sufficiant,
1320 2918 1385 2981 fore
1403 2923 1436 2980 ut
1453 2917 1548 3001 paulo
1567 2926 1636 3000 post
1654 2913 1745 2977 rahle
1767 2934 1819 2976 eos
1839 2912 2005 2994 paeniteat.

353 3031 444 3107 Quod
468 3032 510 3096 ad
532 3035 723 3117 prooemium
747 3046 876 3099 annotat
897 3035 1076 3099 sehohasta:
1110 3041 1161 3103 ..ab
1183 3039 1337 3123 προοίμιον
1360 3038 1570 3123 §pertimetur
1602 3037 1683 3121 αὐτῷ
1706 3035 1783 3095 κατὰ
1814 3038 1863 3095 τὸν
1899 3033 2004 3115 τρόπον

183 3158 236 3215 ταῦ
257 3152 330 3236 ὑπὲρ
362 3152 615 3235 Μεγαλοπολιτῶν
642 3159 691 3218 καὶ
719 3159 863 3240 περὶτῶν
897 3160 927 3221 ἐν
952 3156 1134 3244 Χερξνανῄσῳ
1168 3165 1363 3245 στρατιωτῶν.
1405 3160 1456 3221 καὶ
1487 3159 1542 3241 γὰρ
1571 3157 1600 3218 ἑν
1628 3153 1749 3226 ἐκείναις
1781 3153 2006 3237 πραςτιθέςιενας

186 3273 306 3356 θατέρῳ
329 3274 411 3356 μέρει
434 3280 638 3358 πραςπαιεῖται
653 3277 808 3361 μηδετέρῳ
833 3280 1036 3363 συναγορεύειν
1053 3279 1117 3343 ἀλλ’
1134 3279 1182 3342 ἀεὶ
1203 3281 1237 3343 τὸ
1258 3279 1348 3363 μέσαν
1370 3283 1480 3361 ζητεῖν.
1510 3274 1607 3340 Ταῦτα
1631 3271 1652 3337 δ’
1674 3275 1735 3337 ἐστὶ
1758 3276 1791 3336 th
1815 3279 1868 3356 τῆς
1892 3275 2006 3342 πόλεως

187 3393 344 3478 συμφέρον.
388 3394 490 3473 Atque
523 3412 631 3456 revera
664 3392 892 3460 Demosthenes
919 3398 1078 3480 prooemia
1100 3398 1273 3461 orationum
1296 3396 1372 3461 I'III
1394 3405 1425 3461 et
1448 3396 1524 3460 XI'I
1557 3404 1621 3458 tarn
1655 3395 1793 3459 shniliter
1826 3392 2004 3475 eomposuit.

185 3519 216 3574 ut
239 3512 263 3575 si
288 3512 357 3593 quis
380 3510 541 3595 praefandi
565 3533 652 3577 usum
676 3516 779 3597 magui
804 3518 934 3579 oratoris
956 3516 1035 3581 bene
1057 3518 1223 3602 perspexit,
1255 3517 1311 3581 has
1341 3514 1556 3603 paragraphus
1585 3514 1626 3578 ab
1649 3516 1713 3579 eius
1746 3509 2005 3594 generedicendi

186 3629 332 3695 recedere
354 3632 406 3694 ris
428 3630 519 3694 dieat.
566 3632 606 3696 I't
628 3653 721 3697 unum
745 3655 898 3717 moneam,
921 3637 973 3699 iila
997 3637 1092 3701 rerba
1118 3641 1272 3724 „aprinae
1294 3632 1313 3701 ἃ
1332 3639 1492 3722 προσῆκέ(
1516 3634 1733 3698 Demosthenis
1755 3652 1847 3713 quam
1871 3631 2005 3694 inanime

187 3751 312 3834 propria
335 3764 413 3816 sunt.

355 3871 504 3936 I'euirnus
527 3871 568 3936 ad
591 3875 886 3958 propositionem
909 3877 1078 3962 (πρόθεσιν)
1100 3880 1119 3952 ,ξ’
1141 3875 1170 3939 3.
1201 3874 1278 3939 Sese
1300 3894 1436 3957 censere,
1461 3882 1492 3938 ut
1515 3872 1555 3938 de
1578 3870 1761 3957 aeeipieudo
1783 3886 1912 3954 argento
1937 3890 2006 3933 eon-

187 3988 301 4051 tionem
316 3989 466 4072 dederint,
485 3992 528 4055 ita
550 3991 595 4056 de
615 3994 824 4058 ordinanda
842 4015 880 4058 re
904 3995 1056 4078 publiea
1072 3999 1151 4082 trapi
1167 4002 1219 4060 ταῦ
1236 3996 1454 4081 συνταχθῆναι)
1469 4013 1551 4057 esse
1570 3993 1779 4057 eontionem
1798 3990 2006 4055 faciendam

189 4126 286 4190 neque
309 4111 537 4193 seiseitaudum,
560 4111 634 4193 rprid
658 4114 712 4178 iste
736 4116 783 4177 roi
807 4115 887 4178 aiius
909 4123 992 4196 agat.

354 4228 491 4294 Primum
516 4233 677 4297 statuimus
700 4236 890 4317 prooemium
914 4242 945 4299 et
965 4235 1205 4320 propositionem
1228 4242 1295 4297 arte
1318 4235 1396 4298 iuter
1425 4252 1459 4297 se
1490 4231 1666 4312 eohaerere,
1689 4228 1840 4313 qualest
1872 4228 2007 4290 mariun·

188 4368 227 4409 ex
249 4367 307 4413 usu
323 4347 563 4414 lternosthenieo
586 4353 760 4436 onmiaque,
783 4374 864 4435 pirae
887 4356 917 4419 iu
940 4355 1098 4438 prooemio
1122 4356 1315 4438 poenosum,
1338 4360 1480 4439 spectare
1496 4351 1537 4416 ad
1553 4372 1603 4416 res
1620 4353 1651 4416 iu
1666 4349 2007 4436 pmpositioueahatas.

191 4468 311 4534 IIeiude
333 4470 374 4535 ile
396 4481 578 4551 argumento
600 4475 828 4556 propositionis,
852 4474 893 4538 ‹Ie
915 4495 975 4556 quo
998 4474 1077 4538 iufra
1092 4471 1473 4555 aecurahusdisserenrus,
1490 4471 1540 4535 hie
1555 4464 1813 4536 satisesidixisse
1831 4468 2008 4532 sententias.

187 4610 263 4669 intras
286 4591 317 4654 iu
339 4612 377 4654 ea
400 4592 539 4672 legimus,
563 4593 655 4674 piano
681 4611 749 4656 esse
763 4593 1027 4658 Dornostheuieas.
1072 4591 1197 4656 Habent
1220 4591 1302 4656 euim
1324 4598 1441 4655 tantam
1461 4591 1522 4654 rim
1545 4598 1575 4655 et
1588 4587 1742 4669 ardorem,
1765 4602 1797 4652 ut
1817 4609 1835 4652 a
1852 4586 2008 4649 ‹Ierlanm-

190 4724 257 4774 mre
280 4722 347 4775 orta
369 4731 438 4775 esse
460 4709 534 4774 mihi
556 4711 744 4794 persuadere
767 4732 827 4775 nou
849 4713 973 4796 possim.

346 4863 416 4917 1,pr
437 4818 536 4914 „oppia
555 4855 625 4920 apud
645 4855 808 4909 iuml-»rhum
828 4875 850 4924 p.
871 4861 922 4913 :uo
940 4877 1032 4929 pmxx.
