4426 5678
1001 248 1018 309 ῖ

267 453 285 533 ξ
311 450 358 514 19.
381 450 454 518 Illos
476 450 557 514 eninr
579 457 716 515 oratores
747 418 822 514 nibil
844 450 930 515 alind
960 470 1064 533 agere,
1098 451 1155 513 nisi
1178 457 1212 513 ut
1240 449 1444 532 imperatores
1465 450 1514 512 vel
1538 451 1736 531 magistratus
1773 459 1921 516 creentur.

93 573 156 650 (lui
178 592 249 636 cum
272 570 367 635 creati
390 576 420 633 ct
441 570 540 651 gloria
560 570 746 650 nomineque
765 570 810 633 rei
843 569 989 654 publicae
1023 569 1131 632 muniti
1167 569 1236 650 sint,
1262 568 1337 632 nihil
1373 574 1501 650 agentes
1529 568 1677 632 bonorum
1709 570 1752 632 rei
1780 570 1923 654 publicae

77 690 230 765 heredes
252 708 328 755 esse.
372 687 491 765 Quodsi
515 689 598 753 ciues
619 688 722 752 omnia
745 707 800 771 per
821 708 854 753 se
876 689 935 772 ipsi
957 696 1063 776 agant,
1086 687 1119 751 id
1142 693 1188 751 cst
1210 706 1276 751 renr
1298 687 1455 771 publicam
1476 686 1578 769 denuo
1594 695 1625 752 et
1646 689 1755 753 melius
1771 688 1924 774 ordinent,

96 813 173 876 istos
195 808 387 874 elleborum
410 813 440 871 et
462 808 613 870 fructuum
635 827 770 888 aequam
794 827 864 871 cunr
887 809 998 872 ceteris
1020 816 1141 891 partem
1165 826 1232 871 sese
1255 805 1371 870 hahere
1393 807 1512 871 risuros
1536 827 1613 871 esse.

265 927 356 1008 §2st
378 926 469 989 Nunc
491 933 594 989 autern
616 933 650 989 ut
671 927 804 990 maiores
826 927 910 1009 prius
932 926 1101 991 seeundum
1125 927 1240 990 classes
1263 925 1455 1007 contulerint,
1477 926 1520 988 ita
1541 944 1610 990 sese
1626 925 1795 990 secrurdurn
1810 928 1924 992 classes

95 1046 341 1131 rempublicam
367 1064 540 1134 capessere,
575 1065 646 1109 curn
679 1052 784 1109 orator
817 1045 920 1126 clueat,
957 1047 1125 1128 imperator
1156 1052 1274 1128 pareat,
1318 1046 1400 1109 cives
1433 1064 1501 1108 curn
1537 1047 1673 1126 utrisque
1711 1047 1923 1111 vociferentur.

96 1167 203 1242 (Quare
224 1165 298 1248 lieri,
321 1169 512 1228 nt‘oratores
535 1171 566 1228 et
587 1165 790 1248 imperatores
809 1163 957 1228 fortunati
979 1166 1050 1246 sint,
1073 1165 1181 1228 ciuitas
1204 1164 1324 1227 misera.

265 1280 373 1347 Habes
385 1283 477 1364 igitur
491 1282 538 1348 his
549 1283 757 1367 paragraphis
767 1280 912 1346 'causas
933 1285 1146 1365 expositas,¹
1158 1303 1197 1346 ex
1210 1283 1321 1364 quibus
1335 1283 1385 1346 isti
1396 1289 1543 1364 oratores,
1559 1284 1610 1363 qni
1627 1284 1766 1347 asseclae
1782 1293 1852 1347 suut
1864 1283 1924 1347 Eu·

99 1405 171 1487 buli,
192 1403 238 1467 ita
257 1422 325 1467 sese
347 1408 466 1485 gerant,
489 1401 637 1486 huiusque
660 1403 792 1467 oratoris
809 1402 945 1466 consiliis
966 1383 1060 1483 quarn
1084 1403 1220 1472 maxime
1235 1408 1418 1484 repugnent.
1462 1401 1566 1478 uuida
1589 1402 1699 1465 melius
1713 1409 1743 1465 et
1759 1404 1855 1466 artius
1868 1402 1924 1466 tibi

88 1520 241 1586 'videntur
264 1522 406 1604 singulae
422 1527 526 1604 partes
549 1522 680 1586 interae
703 1522 872 1586 cohaerere
894 1541 996 1604 posse,
1024 1511 1166 1603 quamsi
1189 1527 1287 1605 parto,
1309 1540 1389 1604 quae
1412 1520 1557 1603 sequitur,
1585 1539 1623 1584 ea
1656 1540 1735 1604 quae
1767 1519 1924 1585 antecedit

94 1642 317 1706 continuatur?
360 1635 452 1717 Quod
482 1642 508 1705 si
532 1641 699 1723 Blassiue¹)
722 1639 810 1705 dicit:
845 1640 917 1723 „die
939 1640 1063 1705 Einheit
1084 1618 1289 1721 ist'nstrnlich,
1323 1640 1382 1703 wic
1409 1627 1530 1721 gesagt,
1563 1638 1779 1722 beabsichtigt,
1806 1642 1845 1704 ‚in
1867 1639 1924 1705 dor

97 1758 312 1843 Thatjedoch
334 1759 416 1822 nicht
438 1758 648 1840 vorhaudeu“,
680 1758 857 1833 doctissimo
880 1760 932 1823 illo
954 1759 1079 1841 homini,
1109 1758 1193 1843 quod
1222 1738 1333 1839 attinet
1354 1757 1396 1821 ad
1419 1757 1475 1823 has
1497 1766 1623 1840 quartas
1650 1768 1755 1842 partes
1783 1760 1923 1823 assentiri

97 1900 159 1944 non
182 1898 352 1963 possumus.
395 1877 475 1943 Sunt
504 1887 607 1943 autern
630 1877 689 1942 hae
712 1878 902 1962 paragraphi
924 1899 986 1942 non
1010 1879 1108 1943 solum
1132 1880 1247 1962 optime
1281 1879 1359 1941 inter
1389 1896 1423 1942 se
1446 1897 1614 1960 connexae,
1649 1877 1704 1941 sed
1735 1878 1827 1941 etiarn
1850 1899 1924 1960 renr,

95 2019 189 2080 «quam
212 2004 316 2063 orator
336 1998 394 2062 sihi
418 1998 612 2062 tractandam
633 1999 803 2082 proposuit,
838 1999 962 2081 egregie
984 1998 1149 2080 explicant.
1193 1997 1273 2065 Nam
1305 1997 1409 2061 causis
1439 1997 1765 2080 accurateoxpositis,
1798 1999 1924 2063 curisti

95 2128 233 2183 oratores
255 2118 300 2181 rei
322 2117 466 2200 publicae
489 2116 683 2180 ordinandae
706 2117 866 2200 obsistant,
889 2117 1055 2181 auctoritas
1078 2136 1183 2181 eorum
1205 2117 1315 2180 nrirunr
1340 2116 1369 2180 in
1391 2114 1518 2179 modurn
1541 2116 1699 2198 frangitur.

266 2237 380 2312 Quinta
401 2256 475 2318 pars
497 2234 711 2320 paragraphos
732 2234 859 2299 21-25
882 2236 1025 2317 continet,
1048 2236 1162 2317 inqua
1184 2236 1315 2318 prinlum
1339 2242 1503 2298 occurrunt
1525 2236 1657 2299 maiores
1692 2236 1751 2298 loci
1782 2254 1821 2299 ex
1855 2236 1924 2299 aliis

98 2355 288 2450 orationibus
310 2355 442 2438 repetiti,
465 2353 521 2418 sed
544 2355 583 2419 de
602 2355 637 2419 iis
659 2355 739 2418 infra
760 2355 934 2419 accuratius
956 2354 1152 2419 disseremus.
1196 2354 1256 2417 Hic
1277 2374 1326 2418 res
1348 2361 1478 2437 tantum,
1511 2374 1592 2434 quae
1614 2354 1817 2438 proferuntur,
1850 2374 1922 2418 nnrn

96 2478 157 2541 sint
179 2476 282 2540 dictae
304 2494 360 2538 suo
382 2475 451 2537 loco
474 2481 505 2537 et
527 2474 605 2538 bene
627 2474 668 2538 ad
691 2494 757 2538 rem
779 2473 1005 2539 accomodatae
1026 2475 1223 2556 exquirimus.

268 2595 286 2673 ξ
308 2594 360 2657 21.
382 2592 470 2669 Quae
491 2593 551 2657 sint
572 2592 707 2676 agenda,
730 2593 774 2657 ait
796 2599 909 2678 orator,
932 2613 993 2656 non
1015 2613 1054 2656 ex
1078 2593 1196 2674 alienis,
1219 2591 1275 2656 sed
1297 2612 1336 2656 ex
1359 2589 1537 2655 domesticis
1560 2592 1711 2675 exemplis
1733 2612 1921 2675 cognoscere

98 2715 142 2777 cis
164 2715 265 2776 licere.
308 2713 418 2792 Neque
440 2711 613 2776 Miltiadem
635 2732 736 2794 neque
749 2712 990 2777 Themistoclem
1011 2733 1032 2775 a
1052 2711 1221 2775 maioribus
1243 2712 1338 2775 tantis
1359 2709 1527 2805 honoribus
1550 2710 1678 2774 affectos
1701 2730 1778 2792 esse,
1801 2713 1923 2791 quantis

99 2832 205 2912 duces,
227 2831 277 2910 qui
300 2830 343 2891 eis
364 2829 554 2910 temporibus
575 2831 644 2911 sint,
666 2850 687 2892 a
709 2830 826 2895 civibus
848 2832 1032 2895 afficiantur.

268 2947 358 3028 §22
380 2946 496 3010 Eorum
527 2947 608 3011 enirn
641 2949 795 3013 nemiuem
818 2948 941 3033 dixisse,
976 2949 1146 3013 Miltiadem
1168 2948 1211 3013 ad
1234 2947 1448 3012 Marathonem
1470 2948 1590 3030 uicisse,
1618 2948 1858 3014 Themistoclem
1880 2950 1923 3015 ad

98 3066 267 3149 Salamiua,
300 3065 355 3130 sed
378 3066 582 3131 Athenienses
609 3066 770 3131 uictoriam
802 3071 1017 3151 reportavisse.
1062 3070 1153 3133 Nunc
1186 3078 1290 3133 autem
1324 3069 1436 3133 multos
1458 3068 1571 3151 dicere,
1606 3068 1776 3152 Corcyram
1803 3070 1922 3153 cepisse

98 3184 306 3267 Timotheum,
337 3205 456 3249 moram
485 3185 804 3250 Lacedaemoniorum
835 3207 904 3252 esso
935 3190 1034 3253 lrrsarn
1073 3188 1113 3253 ab
1136 3159 1302 3272 Iphicrate,
1336 3189 1439 3252 navali
1470 3187 1513 3252 ad
1545 3188 1670 3252 Naxum
1703 3189 1820 3272 proclio
1842 3188 1921 3254 Cha-

99 3304 198 3367 briam
220 3303 339 3367 vicisse.

268 3424 306 3504 ἓξ
329 3422 371 3486 23
393 3442 420 3486 u.
443 3424 493 3486 24.
518 3423 593 3487 ltern
607 3425 741 3489 maiores
759 3424 1007 3509 nequeMenoui,
1031 3426 1204 3510 Pharsalio,
1228 3445 1328 3507 neque
1340 3426 1520 3509 Perdiccae,
1543 3427 1748 3492 Macedonum
1773 3428 1847 3510 regi,
1870 3428 1920 3510 qni

97 3543 208 3607 luerint
225 3541 370 3625 hospites,
394 3542 549 3607 civitatem
565 3542 619 3607 sed
633 3544 860 3609 immunitatem
875 3552 993 3609 tantum
1009 3544 1145 3610 dedisse:
1168 3567 1250 3610 nunc
1267 3566 1373 3609 servos
1392 3545 1488 3608 servis
1499 3547 1621 3627 genitos
1636 3566 1704 3610 esse
1717 3547 1800 3610 ciues
1814 3547 1920 3609 factos.

264 3665 284 3741 ξ
307 3660 357 3725 25.
379 3661 473 3725 Talia
494 3669 598 3726 autern
620 3661 686 3727 fieri
707 3684 769 3727 non
791 3665 876 3747 quod
899 3664 1104 3729 deterioribus
1120 3652 1262 3747 'ingeniis
1279 3686 1371 3749 quarn
1391 3665 1524 3728 maiores
1549 3667 1616 3747 sint,
1639 3665 1695 3729 scd
1722 3666 1804 3748 quod
1828 3665 1920 3730 Athe·

98 3781 218 3844 nienses
239 3781 284 3844 eis
307 3779 495 3865 temporibus
517 3780 674 3866 desierint,
696 3784 858 3867 praeclare
881 3785 921 3850 dc
943 3806 977 3849 se
999 3785 1147 3866 cogitare.

264 3898 320 3964 His
342 3900 547 3984 paragraphis
570 3901 653 3967 bona
675 3904 826 3967 maiorum
849 3915 999 3989 tempora,
1023 3905 1134 3985 quibus
1153 3904 1259 3968 civitas
1282 3903 1393 3986 opibus
1416 3911 1446 3967 ct
1468 3904 1653 3967 auctoritate
1676 3902 1816 3983 florebat,
1838 3922 1920 3967 conr-
1971 3944 1973 3949 «

94 4024 246 4101 parantur
266 4038 336 4083 cunr
358 4021 473 4102 pravis,
507 4023 612 4116 ‹prralia
645 4029 711 4087 tum
734 4031 831 4105 erant,
865 4024 975 4105 quihus
1009 4024 1142 4087 ciuitatis
1174 4022 1272 4087 honos
1304 4032 1334 4087 et
1361 4044 1436 4108 opes
1464 4024 1642 4086 irnnrinutac
1676 4032 1773 4104 eraut,
1808 4030 1920 4087 strictae

95 4157 264 4219 praticorum
287 4136 400 4201 ducum
423 4148 453 4203 et
475 4148 633 4205 oratorum
655 4142 788 4225 (δοκεῖτε
810 4146 865 4228 γὰρ
890 4146 973 4208 αὐτοὶ
995 4153 1053 4208 τῶν
1078 4145 1173 4229 ἔργων
1196 4145 1307 4209 τούτων
1330 4151 1526 4231 παραχωρεῖν
1549 4152 1608 4208 τῶν
1631 4150 1721 4227 τιμῶν
1743 4151 1811 4217 ταῖς
1834 4145 1920 4230 bues-

97 4258 209 4339 βολαῖς,
233 4259 281 4332 αἷς
304 4259 449 4322 δεδώκατ’
471 4258 513 4321 ἐπ’
542 4263 645 4336 αὐτοῖς
668 4263 785 4348 ἑκάστῳ
807 4262 942 4345 τούτων).
987 4264 1024 4326 Α.
1048 4261 1237 4326 Schaeserus
1260 4273 1292 4327 et
1313 4263 1442 4326 Weilius
1471 4262 1542 4326 huic
1569 4261 1793 4344 comparationi
1817 4262 1919 4326 locum

96 4372 125 4434 in
148 4375 287 4438 oratione
310 4376 349 4439 de
372 4396 404 4439 re
426 4375 553 4459 publica
575 4378 751 4443 ordinanda
774 4379 879 4445 habita
902 4401 969 4445 esse
993 4388 1197 4463 negaverunt3
1220 4381 1272 4443 ille
1295 4380 1381 4444 dicit:
1405 4380 1588 4463 ,petutwird
1606 4379 1663 4444 der
1684 4383 1920 4464 gegenwilrtige

92 4490 231 4557 erstand
255 4495 284 4556 iu
307 4495 408 4557 seiner
428 4494 697 4561 lanrrnorlichkeit
720 4496 777 4561 der
798 4508 902 4580 guten,
936 4500 1021 4563 alten
1043 4499 1110 4564 Zeit
1136 4500 1317 4581 gegenltber
1340 4499 1537 4582 geschildcrt,
1572 4501 1642 4563 eine
1665 4500 1918 4582 Abschu'cifung,

92 4610 144 4675 die
166 4610 233 4676 hier
255 4633 291 4674 nu
307 4611 430 4676 keinern
447 4615 545 4678 scsten
559 4615 643 4679 Zielc
658 4617 902 4698 atrrllchgclcitet
925 4620 993 4700 ist“,
1016 4619 1114 4681 similo
1137 4618 1199 4682 hie:
1223 4619 1290 4702 ‚,ici,
1314 4638 1354 4683 au
1378 4619 1540 4699 contraire,
1563 4620 1595 4682 la
1616 4620 1755 4699 question
1778 4619 1920 4702 pratiquc

252 4868 271 4934 ¹l
294 4867 309 4919 l.
329 4888 350 4919 c.
371 4885 393 4935 p.
414 4869 471 4920 zlsrl.
