4426 5678
1006 198 1208 297 ...ΙΙ-,-

184 410 244 483 ,ek
261 410 330 481 τοὺς
354 408 426 491 ὑπὲρ
448 415 502 490 τῆς
518 405 672 479 (Ἑλλάδος
689 405 891 478 αποστὸλυυς“
913 412 943 467 et
960 423 1000 467 ex
1017 422 1050 467 re
1066 409 1096 467 et
1115 422 1153 465 ex
1170 401 1272 467 verbis
1294 401 1430 464 maxime
1441 399 1595 483 displicet.
1629 399 1812 481 Verborum,
1827 419 1915 482 quau
1927 401 2024 484 paulo

185 532 255 608 post
277 524 327 588 hie
348 524 472 589 adiecta
487 531 570 588 sunl:
589 526 640 602 ,οἵ
657 525 681 586 τ’
704 524 773 588 ἴδιοι
795 525 902 597 πάντες
920 524 1001 587 οἶκοι
1023 529 1060 608 τῇ
1083 524 1169 588 πόλει
1191 526 1242 587 καὶ
1264 524 1301 586 τὰ
1319 521 1401 604 παρὰ
1419 526 1479 584 τῶν
1497 522 1698 606 συμμάχων“,
1713 519 1816 603 prima
1836 522 1890 597 ,οἵ
1907 518 1934 583 τ’
1954 522 2023 586 ἴδιοι

185 647 293 719 πάντες
314 646 413 709 οἶκυι“
434 662 454 705 a
476 642 644 726 Spengclio
667 644 734 705 iure
756 641 1032 725 reprehenduntur,
1067 662 1138 705 enm
1160 641 1246 705 dicat
1268 639 1407 722 intellegi
1429 658 1467 702 ca
1490 658 1552 702 non
1574 657 1677 721 posse.
1720 637 1763 703 Ut
1793 640 1877 703 euim
1911 637 2022 704 doetus

185 762 237 827 illo
260 762 361 844 horno,
383 783 445 844 quo
468 782 559 826 uerno
581 762 757 825 accuratius
779 762 919 844 perlegit,
947 780 1038 823 nemo
1060 761 1169 825 melius
1191 761 1346 824 recensuit
1368 758 1590 823 Demosthenis
1611 777 1718 841 opera,
1748 757 1834 823 haud
1855 760 2020 842 ignorarit.

186 881 375 946 vocabalum
398 884 519 960 ,,οἶκος“
541 881 635 944 etiam
658 881 728 943 aliis
750 880 835 961 locis,
870 885 903 942 ut
925 880 955 942 in
979 880 1098 962 primae
1120 881 1151 943 in
1173 877 1340 963 Aphobunr
1363 878 1511 942 orationis
1531 878 1733 962 paragrapho
1754 879 1806 960 64,
1834 898 1899 942 uon
1920 880 2019 943 solum

186 999 312 1065 domum
327 1001 437 1083 ipsam,
459 998 516 1063 sed
531 1001 626 1065 etiam
641 1017 766 1064 omnem
784 1017 849 1062 rem
866 999 1050 1062 familiarem
1067 996 1252 1080 significare,
1271 999 1314 1061 ita
1330 997 1466 1079 negarit,
1482 996 1513 1061 id
1529 996 1691 1078 quodvult
1703 997 1924 1081 Voemelius,¹)
1938 997 2018 1062 idern

186 1121 333 1203 egregius
356 1117 575 1182 Demosthenis
597 1119 799 1199 existimator,
832 1117 1018 1181 vocabulum
1052 1119 1172 1194 ,‚olao;“
1204 1118 1345 1200 usurpari
1380 1135 1472 1199 posse
1495 1115 1540 1180 de
1571 1115 1734 1199 publicis
1766 1117 2019 1199 posseoeiourbua

186 1236 276 1314 Quae
298 1258 367 1302 enm
388 1239 432 1301 ita
450 1239 519 1317 siut,
542 1244 596 1300 aut
613 1238 704 1300 lectio
722 1237 851 1318 uulgata
869 1234 1055 1319 accipienda
1072 1242 1128 1318 est,
1147 1254 1228 1316 quae
1247 1234 1341 1298 habet
1359 1234 1454 1298 rerba
1472 1234 1584 1298 addita
1606 1239 1676 1317 „aul
1693 1238 1731 1300 τὰ
1747 1236 1854 1301 κοινοί(
1877 1272 1918 1281 --
1938 1234 2018 1300 uude

185 1356 221 1420 fit
232 1377 340 1421 seusus
351 1356 595 1440 amplificatione
606 1354 743 1438 quadam
756 1354 881 1418 dicendi
891 1355 1021 1437 insignis
1050 1392 1079 1401 -
1098 1361 1153 1417 aut
1162 1354 1339 1418 coniectura
1351 1362 1398 1418 est
1413 1353 1617 1436 admittenda,
1626 1374 1721 1435 quam
1731 1353 1863 1419 Wcilius
1873 1355 2018 1440 repperit,

185 1472 242 1539 sed
273 1494 334 1538 uon
365 1474 466 1538 verbis
497 1475 633 1556 inseruit,
666 1492 856 1555 quamquam
892 1475 1011 1556 optima
1043 1479 1102 1553 est;
1134 1473 1264 1536 coniecit
1285 1475 1367 1537 enim
1388 1476 1511 1560 ,‚rro'por“
1533 1493 1590 1556 pro
1612 1475 1727 1551 ‚,oiaur‘·'
1748 1472 1921 1556 legendum
1943 1493 2017 1538 esse

188 1592 224 1656 In
255 1593 367 1658 eadem
399 1592 611 1677 paragrapho,
645 1592 751 1673 rerba,
782 1587 1212 1673 quaesequuntur:„nb;b'
1235 1595 1332 1680 ἐντῷ
1355 1594 1478 1679 πολέμῳ
1510 1596 1685 1679 συμμάχους
1709 1595 1917 1679 ἐκτησάμεθα,
1940 1590 2018 1660 οὗτοι

186 1721 248 1777 νῦν
271 1715 303 1777 ἐν
324 1719 362 1797 τῇ
385 1715 488 1798 εἰρήνῃ
512 1713 730 1793 ἀπυλώλασιν“,
753 1711 866 1775 similia
888 1710 1095 1794 Olynthiaeae
1118 1711 1228 1774 tertiae
1250 1710 1352 1775 uerbis
1374 1720 1454 1775 suut.
1497 1711 1534 1775 Α.
1556 1710 1744 1776 Schaeferus
1765 1712 1796 1775 in
1818 1714 2018 1777 annotatione

186 1832 288 1915 prima
309 1853 338 1914 p.
360 1831 402 1894 u2
424 1832 443 1895 l.
466 1832 517 1894 all.
540 1831 619 1895 salso
641 1830 828 1894 uocabulum
851 1831 939 1911 „rbu‘
971 1850 1028 1912 pro
1054 1829 1157 1893 verbis
1180 1829 1387 1912 Olynthiaeae
1408 1830 1454 1893 111
1477 1833 1614 1916 ,εἰρήνης
1636 1826 1745 1915 υῦσης“
1766 1849 1788 1893 a
1808 1829 2019 1895 declamatore

186 1951 286 2033 posita
308 1969 377 2014 esse
399 1949 473 2033 vult,
498 1969 570 2012 nam
593 1948 673 2013 haue
696 1950 881 2033 particulam
912 1950 1059 2030 temporis
1081 1947 1124 2010 ad
1147 1949 1263 2011 nullum
1287 1948 1372 2012 aliud
1404 1958 1526 2034 tempus
1548 1950 1604 2013 nisi
1625 1949 1667 2012 ad
1690 1969 1804 2013 anuum
1827 1950 1893 2013 355
1915 1951 2019 2015 reterri

187 2088 289 2152 posse,
311 2088 380 2132 cum
403 2068 520 2131 bellum
542 2069 573 2131 in
595 2069 697 2131 socios
718 2067 759 2130 ab
782 2066 1022 2131 Atheniensibus
1043 2075 1164 2148 gestum
1193 2074 1438 2150 componeretur.
1482 2068 1573 2144 Quod
1606 2087 1677 2131 eum
1710 2068 1825 2148 statuit,
1858 2088 1922 2131 nou
1955 2069 2018 2133 aui·

188 2185 362 2269 madvertit,
392 2186 448 2250 lras
473 2187 641 2269 particulas
664 2187 812 2269 temporis
842 2193 872 2249 et
900 2186 990 2267 ,,νδν“
1010 2192 1041 2249 et
1069 2181 1212 2274 ,‚rrpqirp“
1243 2186 1470 2267 aigrrifirationc
1491 2187 1566 2251 satis
1589 2188 1653 2250 lata
1674 2195 1704 2251 et
1728 2186 1892 2251 indefinita
1914 2208 1936 2251 a
1956 2188 2019 2252 De-

188 2304 349 2371 mosthene
372 2306 523 2387 usurpari.
567 2304 720 2368 Conferas
741 2305 834 2368 velint
859 2312 985 2387 praeter
1007 2303 1101 2367 Wcili
1123 2301 1165 2366 ad
1189 2303 1268 2367 hune
1290 2304 1392 2368 locum
1414 2306 1645 2369 annotationem
1668 2307 1764 2369 etiarn
1786 2305 2019 2371 Boehneelrium

189 2425 209 2487 l.
232 2424 284 2487 all.
307 2444 337 2508 p.
360 2424 424 2486 252
445 2432 548 2486 annot.
572 2424 602 2505 2,
636 2423 687 2504 qui
716 2442 754 2486 ex
786 2423 925 2486 oratioue
955 2422 1075 2502 XXIII,
1107 2427 1126 2503 ξ
1159 2422 1216 2485 191
1251 2423 1353 2486 Ιοοιιιιι
1385 2424 1485 2506 affert,
1515 2425 1567 2488 ubi
1598 2432 1704 2488 orator
1733 2424 1967 2510 expeditionem
1990 2428 2021 2490 iu

189 2542 352 2606 Euboeam
381 2542 579 2606 sexennis
609 2549 696 2606 ante
727 2543 864 2606 laetam
895 2540 998 2605 uerbis
1028 2543 1087 2619 ,τὰ
1116 2548 1312 2607 τελευταῖα
1340 2545 1432 2607 νυνί“
1462 2542 1623 2624 signifieat.
1667 2543 1892 2629 Paragraphns
1913 2544 1957 2608 28
1978 2544 2020 2608 ad

187 2660 422 2744 paragraphum
444 2661 486 2724 25
508 2659 714 2744 Olynthiacae
736 2660 783 2723 ΙΙΙ
812 2670 843 2724 et
876 2660 1110 2745 paragraphum
1133 2660 1195 2724 207
1219 2661 1446 2725 Aristocrateae
1479 2662 1606 2744 propius
1635 2661 1767 2744 accedit,
1799 2662 1856 2726 sed
1887 2662 2021 2747 primurn

188 2781 326 2843 transitio
348 2780 443 2863 plane
465 2780 529 2843 alia
551 2787 605 2843 est.
649 2779 685 2842 In
709 2779 767 2842 hac
789 2781 931 2843 oratione
949 2780 1040 2861 legis:
1063 2781 1159 2856 ,ἀλλὰ
1182 2783 1217 2863 νὴ
1239 2782 1296 2844 Δία
1318 2789 1413 2845 ταῦτα
1435 2782 1527 2863 μόνον
1548 2781 1608 2845 τοτ’
1630 2783 1699 2867 εἶχε
1722 2784 1835 2868 βέλτιον
1857 2780 1879 2868 ἢ
1903 2790 1963 2859 νῦν,
1984 2785 2023 2847 τὰ

188 2897 211 2962 δ’
238 2894 316 2964 ἄλλοι
338 2906 453 2984 χεῖρον.
497 2899 617 2963 ΙΙολλοῦ
639 2901 673 2982 γὲ
695 2901 745 2962 καὶ
767 2902 825 2975 δεῖ,
848 2900 914 2964 ἀλλ’
937 2895 964 2979 δ’,
986 2924 1012 2963 τι
1034 2899 1173 2983 βούλεσθ’
1197 2901 1408 2983 ἐξετάσωμεν“,
1445 2919 1526 2981 quae
1549 2920 1610 2963 uon
1642 2901 1742 2964 miuus
1764 2908 1838 2985 apte
1859 2920 1894 2965 se
1916 2900 2021 2975 habel,

188 3036 284 3097 apuam
298 3017 437 3079 transitio
450 3014 658 3099 Olp'ulhiacae
669 3017 729 3080 III:
752 3020 817 3095 ,ἐπὶ
839 3020 892 3103 μὲν
910 3022 948 3102 δὴ
970 3025 1030 3083 τῶν
1046 3016 1237 3103 Ἑλληνικῶν
1255 3012 1333 3103 ἦσαν
1352 3026 1488 3084 τοιοῦτοι.
1520 3021 1551 3083 ἐν
1568 3021 1602 3082 δὲ
1621 3026 1687 3093 τοῖς
1706 3021 1784 3083 κατὰ
1799 3023 1853 3105 τὴν
1869 3021 1956 3085 πόλιν
1971 3021 2024 3085 αὖ·

188 3141 243 3221 τὴν
266 3138 431 3212 Ιλεάαασίλε,
454 3138 556 3200 ὁποῖοι
579 3134 612 3198 ἔν
634 3161 667 3200 τε
688 3144 754 3209 τοῖς
774 3144 888 3211 κοινοῖς
909 3140 960 3201 καὶ
982 3139 1013 3200 ἐν
1036 3144 1101 3211 τοῖς
1123 3140 1224 3212 ίδίοις“
1246 3145 1277 3201 et
1298 3138 1543 3202 Aristocraleae:
1573 3141 1642 3215 „aui
1663 3141 1720 3224 γάρ
1747 3163 1793 3202 τοι
1814 3139 1884 3202 τότε
1905 3140 1944 3202 τὰ
1970 3141 2024 3225 μὲν

188 3262 243 3339 τῆς
264 3255 381 3328 πόλεως
401 3247 439 3338 ἦν
461 3249 576 3340 εὔπορα
598 3257 649 3318 καὶ
670 3258 792 3341 λαμπρὰ
814 3259 952 3343 δημοσίᾳ,
975 3259 1036 3341 ἰδία
1058 3258 1084 3320 δ’
1106 3259 1203 3332 οὐδεὶς
1224 3260 1368 3343 ὑπερεῖχε
1386 3265 1446 3322 τῶν
1464 3261 1609 3323 πολλῶνίί.
1653 3257 1716 3320 Pro
1731 3256 1844 3339 verbis,
1862 3258 1895 3321 iu
1909 3257 2024 3338 quihus

190 3370 378 3456 Spengelius
398 3370 528 3435 offendit
547 3370 609 3450 ,ὅτι
627 3374 800 3458 βούλεσθε“,
823 3374 956 3455 legimus
978 3395 1048 3438 curn
1060 3375 1170 3440 ll'eilio
1192 3374 1236 3458 „b,
1255 3401 1281 3441 τι
1300 3377 1472 3462 βούλεσθέ,
1494 3396 1567 3439 nam
1586 3384 1692 3440 orator
1707 3376 1754 3440 eis
1762 3376 1915 3459 exprimit,
1937 3394 2026 3457 quo·

190 3511 334 3572 cunque
356 3490 560 3555 Athenienses
582 3492 689 3555 oeulos
713 3497 843 3574 vertant,
875 3495 979 3556 omnia
1002 3495 1033 3556 in
1055 3493 1238 3578 republica
1260 3496 1289 3557 in
1312 3495 1401 3578 peius
1427 3501 1644 3559 mutataesse.
1688 3495 1790 3558 locus
1821 3495 1890 3578 ipse
1921 3495 2028 3558 multia

190 3609 413 3674 additamentis
434 3616 602 3673 exornatus
624 3617 671 3673 est
693 3611 724 3673 lu
748 3610 806 3674 hac
825 3612 977 3693 oratione3
1010 3632 1090 3695 quae
1112 3613 1218 3694 qualia
1241 3633 1398 3696 quamque
1425 3614 1504 3679 bene
1526 3614 1568 3678 ad
1591 3633 1655 3678 rem
1678 3613 1765 3678 dicta
1791 3615 1860 3695 sint,
1893 3624 1927 3677 ut
1949 3614 2026 3678 satis

191 3735 352 3813 appareat,
376 3735 443 3791 tres
462 3729 546 3792 locos
568 3735 642 3791 ante
665 3730 772 3793 oeulos
795 3732 867 3813 poni
891 3751 970 3815 opus
992 3738 1048 3794 est

319 3846 438 3927 XXIII,
461 3849 480 3928 ᾗ
501 3847 577 3911 207ι

275 3969 313 4031 τὰ
331 3969 366 4031 δὲ
383 3974 438 4042 τῖς
452 3969 570 4042 πόλεως
588 3971 705 4033 οἰκοδο-

192 4090 316 4172 μήματα
349 4090 399 4152 καὶ
430 4090 704 4172 κατασκευάσματα

192 4213 359 4292 τηλικαῦτα
388 4210 439 4271 καί
469 4215 594 4272 τοιαῦτα
626 4205 705 4271 ὥστε

192 4329 296 4411 μηδενί
307 4333 367 4390 τῶν
379 4328 606 4412 ἐπιγιγνομένων
618 4329 705 4414 ὑπερ-

194 4449 285 4531 βολὴν
324 4449 496 4530 λελεῖφθαι,
534 4448 704 4533 προπύλαια

192 4574 298 4646 ταῦτα,
320 4569 485 4641 νεώσοικοι,
509 4568 604 4647 στοαί,
630 4567 704 4631 Ilar-

1011 3849 1100 3932 xrn,
1123 3854 1143 3930 a
1165 3850 1220 3914 aa:

921 3972 1147 4055 οἰκοδομήματα
1172 3973 1226 4055 μὲν
1253 3973 1288 4055 γὲ
1309 3976 1367 4037 καὶ
1438 4016 1442 4047 r

857 4091 991 4175 κόσμον
1025 4096 1080 4174 τῆς
1111 4092 1236 4168 πόλεως,
1274 4094 1366 4178 [spoia

857 4213 907 4274 καί
933 4211 1086 4294 λιμένων
1115 4214 1247 4277 καὶτῶν
1281 4215 1367 4278 dao-

856 4330 999 4395 λοίσθιον
1039 4332 1193 4411 τούτοις,
1232 4341 1366 4398 τοιοῦτον

857 4452 907 4514 καὶ
918 4457 1061 4515 τοσοῦτον
1079 4455 1271 4518 κατέλιπον
1287 4456 1367 4519 ἐκεῖ·

856 4594 909 4644 νοι,
932 4566 1010 4634 ὥστε
1024 4576 1128 4657 μηδενί
1148 4579 1208 4637 τῶν
1225 4575 1367 4657 druppa-

351 4821 372 4887 Ι)
390 4822 423 4873 ci.
443 4822 469 4872 irr
488 4821 609 4874 editione.
628 4837 696 4888 quac
715 4822 868 4875 inscribitur
885 4824 1021 4877 contiones
1039 4824 1233 4879 Demosthenis.

1681 3852 1738 3933 III,
1762 3855 1782 3932 ξ
1804 3851 1860 3914 2ίιε

1568 3975 1699 4058 δημοσίᾳ
1721 3974 1774 4057 μὲν
1795 3975 1893 4037 τοίνυν
1911 3974 2029 4036 οἰκοδο·

1516 4096 1639 4177 μήματα
1660 4095 1709 4156 καὶ
1724 4095 1821 4177 κάλλη
1836 4097 1963 4156 τοιαῦτα
1977 4093 2029 4155 καὶ

1515 4220 1649 4277 τοσαῦτα
1697 4214 1898 4278 κατεσκεύσαν
1953 4214 2029 4296 ἡμῖν

1516 4336 1604 4417 lepris
1622 4336 1749 4398 καὶτῶν
1767 4335 1799 4397 ἐν
1817 4333 1933 4404 τούτοις
1956 4331 2029 4394 ἀνα-

1517 4456 1662 4539 reparer
1672 4451 1750 4519 ὥστε
1759 4456 1864 4539 μηδενὶ
1872 4460 1932 4517 τῶν
1939 4454 2029 4534 ἐπιγι-

1515 4576 1665 4660 γνομένιυν
1678 4575 1845 4661 ὑπερβολὴν
1855 4578 2031 4661 λελεῖφθαι.
