4426 5678
1187 227 1228 289 10

454 431 570 511 Restat,
593 442 626 493 ut
649 431 806 514 epilogum
829 429 862 513 (ξ
883 429 939 510 36)
962 429 1096 493 breviter
1118 428 1357 493 consideremus,
1401 427 1504 512 Caput
1525 435 1629 491 autem
1652 447 1729 509 esse,
1762 429 1804 491 ait
1826 435 1938 509 orator,
1968 429 2120 507 omnium,

283 569 364 629 quae
389 547 510 630 dixerit,
533 555 672 611 oratores
695 548 773 612 tales
796 567 874 630 esse,
897 549 1006 629 quales
1028 549 1111 612 circs
1128 549 1233 611 velint.
1276 548 1385 630 Neque
1403 546 1485 610 enim
1508 545 1564 610 bos
1587 547 1708 610 illorum
1726 547 1878 609 voluntati
1898 545 2037 627 obsequi,
2060 546 2120 610 sed

283 668 353 731 illos
375 666 482 731 borum
506 666 726 750 cupiditatibus
748 665 892 730 blandiri.
936 665 1038 742 Quam
1062 667 1102 730 ob
1127 687 1200 749 rem,
1223 668 1247 730 si
1271 668 1355 731 eires
1379 666 1477 730 bonas
1499 667 1711 746 salutaresque
1743 684 1793 729 res
1826 672 1943 749 petant,
1980 665 2046 729 iore
2085 672 2118 727 ut

283 805 390 850 omues
411 806 460 849 res
482 785 562 850 bene
584 806 619 849 sc·
640 784 775 849 babeant
796 804 895 868 neque
913 795 1051 850 oratores
1069 786 1273 866 inveniantur,
1296 786 1347 866 qui
1366 785 1531 866 quicquam
1550 785 1625 847 mali
1646 784 1808 848 suadeant.

453 905 501 969 De
511 905 913 988 baeperorationell'eilius
928 903 986 967 boe
1003 904 1132 968 iudicat:
1155 905 1369 986 „l'orateurue
1381 903 1481 986 prend
1492 923 1549 986 pas
1563 903 1594 966 la
1604 905 1694 987 peine
1705 902 1744 967 de
1757 905 1878 967 rereuir
1888 902 1967 966 dans
1978 923 2014 966 sa
2026 905 2118 985 pero·

283 1024 385 1087 raison
397 1028 418 1087 a.
430 1023 536 1106 l'objet
546 1025 694 1087 sonmnris
705 1043 767 1086 aux
776 1023 997 1087 deliberatione
1008 1021 1049 1086 du
1063 1024 1211 1107 peuple“;
1225 1024 1324 1087 simile
1340 1022 1490 1097 Blassius:
1507 1021 1693 1105 Spengelius
1707 1024 1797 1106 l.c.p.
1809 1022 1868 1086 1οῖ
1886 1020 1964 1085 baec
1975 1022 2118 1105 exponit:

283 1151 447 1225 oratorem,
459 1163 658 1226 quascunque
674 1161 723 1205 res
744 1143 863 1225 aflerat,
885 1144 930 1206 eis
953 1143 995 1205 nil
1016 1141 1165 1206 nisiduos
1186 1144 1271 1206 locos
1289 1141 1504 1222 commentari,
1526 1142 1627 1224 primo
1642 1142 1712 1205 loco
1725 1141 1906 1224 (ἐμ-11)
1920 1140 1960 1205 de
1972 1141 2117 1225 pecunia,

283 1283 376 1345 quam
389 1271 503 1325 vocant
513 1262 627 1325 Graeci
648 1264 801 1347 θεωρικόν,
819 1281 923 1343 agere,
942 1262 1039 1326 altero
1053 1263 1107 1343 (ἓξ
1119 1261 1257 1340 12-36)
1271 1261 1405 1324 refutare
1417 1258 1667 1324 adversariorum
1681 1259 1960 1344 reprehensionem,
1981 1259 2065 1343 quod
2078 1261 2119 1324 sit

282 1380 427 1446 laudator
442 1383 589 1464 temporis
611 1382 681 1444 acti.
713 1380 837 1445 Deinde
858 1382 973 1465 pergit:
996 1379 1224 1463 „DerScbluss,
1248 1379 1305 1444 der
1326 1381 1403 1444 alles
1426 1378 1531 1443 bisber
1552 1379 1690 1462 Gesagte
1713 1400 1890 1445 zusammen
1913 1381 2017 1444 sussen
2040 1381 2117 1461 will,

283 1505 463 1585 (κεφάλαιον
486 1503 625 1565 ἁπάντων
648 1508 707 1564 τῶν
730 1500 917 1586 εἰρημένων),
939 1501 1032 1564 weiss
1054 1519 1113 1562 rou
1132 1498 1204 1563 dem
1226 1506 1327 1563 ersten
1344 1499 1433 1562 Teile
1452 1498 1561 1581 nichts,
1583 1519 1651 1562 aum
1674 1498 1850 1564 deutlicheu
1869 1500 2018 1581 Beueise,
2040 1497 2119 1563 dass

283 1641 317 1685 es
339 1622 415 1684 an'ei
439 1621 487 1683 llir
509 1618 574 1684 siob
598 1618 788 1683 besteheude
812 1617 1034 1700 Gegenstande
1056 1617 1135 1698 siud,
1164 1617 1284 1682 welche
1307 1617 1368 1682 deu
1390 1617 1493 1682 Iubalt
1515 1619 1572 1684 des
1594 1619 1721 1683 Gauzeu
1745 1619 1880 1683 bilden“.
1923 1621 1974 1702 m,
1997 1626 2117 1683 utnon

283 1739 396 1820 dicam,
418 1739 545 1802 verbum
568 1742 766 1824 ,‚aspril.nror“
790 1736 939 1802 hocloco
962 1759 1033 1820 non,
1054 1737 1138 1819 quod
1160 1738 1431 1821 rultSpeugelius,
1453 1737 1630 1819 siguificare
1653 1738 2036 1822 comprehensionem,
2059 1737 2117 1801 sed

282 1871 396 1944 caput
418 1859 555 1921 omnium
578 1877 689 1935 rerum,
723 1877 804 1940 qrrae
826 1863 979 1921 tractatae
1007 1865 1086 1938 suut,
1120 1858 1277 1921 conclusio
1310 1857 1428 1941 optime
1460 1858 1491 1920 in
1523 1865 1620 1921 totam
1653 1859 1826 1922 orationem
1859 1845 2013 1940 quadrare
2040 1857 2118 1921 mibi

282 1977 412 2042 ridetur.
456 1975 661 2059 Neglegeuda
684 1997 745 2040 nou
772 1983 842 2039 suut
865 1975 976 2039 rerba:
1000 1978 1094 2061 „in
1117 1970 1168 2041 οὖν
1191 1979 1315 2061 ὑπάρξαι
1337 1981 1387 2041 δεῖ
1408 1979 1526 2062 χρηστὰ
1548 1979 1773 2062 assumemus:
1817 1975 1899 2052 Quid
1922 1978 2003 2040 euim
2027 1976 2116 2040 alind

282 2095 457 2180 significant
494 2096 551 2159 uisi
583 2094 628 2159 id:
660 2102 804 2179 oportere
835 2096 919 2158 cives
941 2096 1085 2178 accipere
1113 2096 1243 2159 oratoris
1273 2094 1314 2157 de
1347 2114 1380 2158 re
1413 2095 1537 2178 publica
1567 2095 1744 2160 ordinanda
1775 2096 1927 2159 consilia?
1971 2095 2063 2172 Quod
2090 2098 2117 2160 si

284 2217 422 2296 iecerint,
445 2215 661 2278 auctoritatem
673 2213 786 2277 Eubuli
809 2220 839 2277 et
862 2220 1035 2277 ceterorum
1058 2222 1213 2277 oratorum
1237 2233 1306 2276 csse
1328 2214 1470 2276 fractam.
1498 2213 1657 2297 Epilogus,
1681 2216 1706 2278 si
1729 2214 1808 2278 bunc
1832 2216 1863 2278 in
1882 2213 2008 2278 modum
2023 2215 2121 2279 inter-

284 2343 452 2420 pretamur,
474 2335 519 2396 ita
541 2354 602 2396 non
625 2341 671 2396 est
693 2331 795 2397 dictus
817 2335 847 2396 in
870 2333 1055 2413 universum,
1079 2344 1112 2397 ut
1134 2335 1250 2416 optime
1273 2342 1303 2396 cl
1326 2333 1496 2417 aptissime,
1518 2354 1719 2417 quaecuuque
1734 2340 1838 2398 orator
1852 2335 1981 2398 consilia
1997 2335 2121 2398 ciuibus

283 2453 418 2539 probare
436 2453 509 2533 rull,
533 2452 764 2535 complectatur.

454 2571 515 2635 Hic
536 2571 634 2635 babes
656 2570 891 2655 dispositionem
923 2579 953 2634 et
985 2578 1201 2653 argumentum
1235 2572 1390 2635 orationis.
1435 2571 1477 2635 Ut
1510 2573 1642 2655 singula,
1675 2592 1756 2655 quae
1790 2574 1999 2655 exposuimus,
2033 2592 2122 2636 cour-

284 2690 522 2776 prebendamus,
539 2698 643 2753 orator
654 2709 720 2752 rom
736 2690 778 2752 ita
792 2690 877 2784 agit:
902 2689 1112 2753 Prooemium:
1135 2708 1203 2753 sese
1217 2709 1279 2753 uon
1291 2689 1484 2773 dissuadere,
1508 2697 1540 2753 ut
1555 2692 1698 2773 pecunia,
1714 2710 1795 2774 quae
1810 2699 1939 2755 vocatur
1962 2694 2122 2777 θεωρικόν,

285 2812 484 2896 dispertiatur
506 2811 584 2873 iuter
607 2810 700 2892 eires,
723 2811 748 2873 si
773 2829 835 2873 una
857 2808 960 2872 officia
982 2809 1013 2873 iu
1036 2828 1100 2872 rem
1123 2808 1280 2893 publicam
1303 2810 1430 2892 explere
1451 2811 1557 2874 velint.

453 2928 683 3012 Propositio:
728 2926 820 3004 Quod
854 2926 1011 3009 quomodo
1048 2927 1104 2990 liat
1132 2935 1163 2991 et
1184 2947 1233 2992 res
1255 2928 1384 3012 publica
1404 2929 1514 2992 melius
1536 2928 1712 2993 ordinanda
1742 2930 1790 3011 sit,
1823 2931 1854 2993 in
1877 2931 2021 2993 contione
2043 2951 2122 2994 mox

284 3048 429 3114 iacienda
451 3049 635 3112 consultent.

453 3166 627 3229 Tractatio:
650 3166 673 3228 Ι.
696 3163 777 3228 buno
799 3185 911 3228 uorum
936 3167 980 3230 rei
1003 3165 1148 3250 publicae
1170 3165 1319 3247 ordinem,
1342 3186 1434 3249 quem
1456 3166 1631 3250 adumbrat,
1655 3186 1723 3231 esse
1746 3168 1962 3231 necessarium.

452 3285 493 3348 ll.
516 3305 587 3348 eum
609 3304 677 3348 esse
699 3285 858 3368 extemplo
880 3285 1109 3349 instituendum.

453 3404 508 3467 ΙΙΙ.
532 3402 689 3484 Oratores,
707 3405 759 3486 qui
772 3404 830 3488 ipsi
847 3412 1028 3486 repugnent,
1043 3402 1075 3467 id
1088 3423 1203 3487 negare
1217 3411 1248 3467 et
1260 3405 1342 3468 cires
1360 3425 1416 3489 per
1427 3424 1535 3469 omues
1547 3414 1631 3470 artes
1642 3406 1683 3469 ab
1695 3404 1754 3469 bae
1770 3425 1804 3469 re
1815 3405 1971 3469 abducere
1982 3404 2121 3470 studere.

454 3524 507 3587 IV.
530 3523 567 3587 ld
589 3532 693 3587 autem
716 3524 756 3587 ab
779 3525 843 3587 istis
865 3522 940 3605 fieri,
962 3544 1031 3588 cum
1053 3525 1127 3605 suis,
1149 3544 1210 3587 nou
1233 3525 1276 3587 rei
1299 3524 1443 3607 publicae
1466 3526 1648 3590 utilitatibus
1661 3527 1807 3607 serviant,
1830 3545 1929 3608 neque
1945 3525 2120 3608 quidquam

284 3645 439 3726 antiquius
461 3641 606 3721 babeant,
628 3662 722 3722 quam
744 3649 777 3706 ut
799 3641 883 3726 apud
906 3642 1030 3725 plebem
1052 3641 1167 3706 diutius
1189 3644 1373 3707 anctoritate
1395 3642 1535 3709 floreant.

453 3761 491 3825 l'.
514 3761 611 3825 Plane
634 3762 724 3825 aliter
747 3763 880 3826 maiores
901 3782 967 3826 rem
991 3763 1149 3847 publicam
1171 3761 1413 3828 administrasse.

454 3879 843 3963 tiburnamurbem
874 3888 987 3944 statum
1009 3881 1108 3945 multo
1131 3883 1288 3946 meliorem
1313 3882 1415 3965 luisse,
1447 3882 1531 3964 quod
1564 3883 1697 3968 populns
1728 3883 1899 3962 universus,
1930 3902 1991 3945 uon
2023 3884 2121 3965 pauci

284 4008 422 4065 oratores
443 4007 472 4065 et
494 4000 590 4064 duces
613 4020 713 4064 rerum
737 3999 946 4081 gerendarum
968 4009 1111 4065 auctores
1132 4002 1253 4066 luerint.

454 4118 520 4182 l'll.
543 4118 622 4182 Cum
643 4119 707 4182 tale
729 4117 854 4200 agendo
877 4140 937 4183 non
960 4120 1059 4184 solum
1082 4127 1170 4184 retus
1191 4121 1291 4202 gloria
1313 4126 1344 4185 et
1365 4140 1441 4204 opes
1464 4120 1683 4204 reipublicae,
1706 4120 1761 4185 sed
1783 4122 1846 4184 iam
1868 4120 1953 4184 salus
1971 4128 2119 4201 agantur,

284 4247 317 4303 ut
338 4241 472 4303 maiores
494 4259 570 4321 opes
593 4245 784 4322 comparent,
807 4258 876 4303 sese
898 4240 982 4303 cives
1005 4239 1176 4304 adhortari.

454 4358 629 4422 Peroratio:
662 4357 696 4421 Si
718 4358 787 4440 ipsi,
811 4377 892 4440 quae
914 4377 948 4421 re
971 4378 1046 4422 rera
1068 4359 1187 4444 prosint
1209 4361 1253 4422 rei
1274 4359 1429 4444 publicae,
1463 4360 1577 4441 faeere,
1613 4358 1645 4423 id
1668 4367 1714 4424 est
1736 4381 1801 4425 rem
1823 4359 1982 4444 publicam
2004 4360 2119 4424 melius

284 4476 431 4542 ordinare
452 4479 557 4560 relint,
580 4476 620 4541 de
642 4485 799 4541 oratorum
822 4478 1005 4542 auctoritate
1028 4486 1057 4543 et
1080 4480 1218 4563 potentia
1239 4487 1344 4542 aetum
1366 4498 1442 4544 esse.

455 4597 501 4660 lta
525 4596 753 4660 demonstrasse
774 4597 848 4660 mibi
871 4596 980 4661 rideor
1002 4617 1063 4661 non
1085 4599 1185 4662 solum
1207 4597 1287 4662 duas
1309 4598 1379 4662 illas
1401 4606 1516 4682 partes,
1540 4618 1618 4680 quas
1640 4598 1828 4682 Spengelius
1849 4599 1965 4678 statuit,
1999 4599 2120 4680 optime

285 4718 326 4781 ab
348 4723 467 4783 oratore
490 4718 570 4781 inter
591 4736 624 4781 se
646 4736 714 4781 esse
737 4736 903 4798 connexas,
925 4717 982 4781 sed
1006 4718 1109 4799 etiam,
1131 4717 1164 4781 id
1186 4717 1272 4799 quod
1293 4717 1433 4782 Blassius
1454 4717 1621 4799 desiderat,
1644 4717 1816 4782 orationem
1838 4738 1933 4782 unum
1956 4716 2119 4800 qrroddam

285 4855 397 4920 corpus
419 4836 550 4901 efficere.
594 4836 704 4917 Neque
726 4837 826 4900 miuus
848 4855 888 4899 ex
908 4844 1090 4920 argumento
1113 4837 1144 4900 in
1166 4837 1303 4902 medium
1326 4838 1447 4921 prolato
1469 4844 1601 4921 apparet
1623 4836 1768 4901 Weilium
1784 4858 1845 4902 non
1862 4845 1945 4902 recte
1959 4844 2120 4903 oratorem
