4426 5678
1012 209 1213 306 *¹9—

198 409 302 492 ρειειίς,
338 404 443 485 τᾶλλα,
477 412 523 486 οἷς
553 435 711 478 κατεσκευ-
783 466 786 491 ,
858 414 954 498 μένων
995 416 1163 502 ὑπερβολὴν
1200 418 1371 502 λελεῖφθαι,

199 528 330 612 ασμένην
354 530 445 614 ὁρᾶτε
467 533 521 614 τἠν
543 530 636 595 πόλιν.

857 654 952 729 στοαί,
974 647 1079 731 τᾶλλα,
1098 657 1144 728 οἷς
1159 656 1269 719 ἐκεῖνοι
1289 680 1370 719 κοσ-

780 824 783 840 ,
855 773 1033 856 μησαντες
1064 778 1127 858 τὴν
1153 775 1255 840 πόλιν
1280 777 1369 858 ἡμῖν

783 552 786 619 g
858 535 1028 617 spondium
1059 543 1163 613 ταῦτα,
1206 539 1371 615 νεώσοικοι,
1441 510 1446 597 ί

783 636 784 641 ’
1443 626 1446 657 ἰ

1442 824 1444 859 Ι

1441 912 1444 953 ι

779 946 782 953 .
855 914 1078 978 παρεοωκαν.

365 1000 527 1065 Postrema
548 1003 645 1068 rerba
674 1008 862 1092 ,προπύλαια
885 1061 892 1075 .
915 1061 922 1074 .
945 1062 952 1076 .
978 1061 985 1076 .
1007 1013 1212 1098 παρέδωκονίί,
1244 1029 1433 1092 quamquam
1461 1008 1583 1090 singula
1615 1014 1735 1070 mutata
1768 1014 1847 1089 sunt,
1878 1007 1970 1070 etiam
1995 1007 2023 1070 in

196 1116 268 1198 §to
290 1120 438 1184 orationis
455 1127 562 1184 contra
584 1123 808 1191 Androtionem
831 1134 862 1193 et
884 1130 915 1193 in
938 1129 1196 1211 §lacerationis
1213 1129 1541 1194 contraTimocratenr
1566 1125 1693 1190 habitae
1716 1127 1867 1208 leguntur.
1911 1125 2024 1202 Quin-

194 1243 268 1299 tum
291 1237 384 1318 igitur
406 1238 516 1304 eadem
540 1261 588 1306 res
611 1243 760 1310 similibus
776 1248 879 1311 verbis
901 1268 920 1312 a
936 1248 1146 1314 Demosthene
1161 1250 1297 1331 affertur,
1319 1268 1382 1330 (pua
1397 1268 1430 1312 re
1447 1265 1503 1311 nos
1521 1252 1603 1310 reete
1618 1244 1657 1309 de
1679 1245 1755 1308 locis
1771 1245 1907 1327 repetitis
1929 1264 2025 1328 supra

193 1353 349 1420 iudicasse
371 1358 480 1422 mirum
504 1360 534 1423 in
557 1361 684 1426 modum
707 1364 945 1431 demonstratur.

364 1474 452 1539 Idem
471 1486 517 1542 est
535 1477 576 1543 de
595 1483 794 1568 paragrapho
808 1485 850 1549 29
868 1485 1076 1568 statuendum,
1099 1507 1180 1569 qnae
1199 1494 1229 1550 et
1250 1487 1281 1551 in
1294 1485 1483 1568 Olynthiara
1498 1485 1543 1547 III
1564 1493 1594 1548 et
1615 1485 1645 1547 in
1658 1485 1867 1547 Aristocraten
1884 1484 2024 1547 occurrit.

193 1591 403 1675 Supersederc
434 1606 538 1662 autern
572 1619 628 1664 nos
662 1610 807 1685 putamus
838 1603 887 1671 hie
920 1611 982 1670 tres
1011 1607 1096 1671 locos
1118 1607 1283 1687 ascribere,
1317 1626 1388 1670 narn
1413 1605 1572 1688 paululum
1595 1611 1701 1667 orator
1722 1602 1819 1666 rerba
1840 1603 1973 1666 mutavit
1994 1609 2024 1665 et

192 1711 333 1775 variavit.
378 1714 481 1796 Digna
498 1719 566 1781 sola
584 1727 664 1803 sunt,
687 1741 768 1803 quae
783 1744 844 1787 non
862 1727 1074 1807 neglegamus,
1094 1726 1245 1790 clarorum
1265 1725 1399 1788 virorum
1414 1724 1550 1804 nomina,
1564 1742 1655 1804 quae,
1668 1732 1700 1785 ut
1714 1723 1865 1785 maiorum
1877 1721 2023 1804 simplici-

191 1835 287 1894 tatem
311 1838 342 1895 et
363 1832 549 1899 modestiam
573 1841 724 1923 exemplis
745 1842 884 1920 illustret,
908 1834 1015 1908 orator
1035 1843 1134 1908 affert.
1178 1844 1267 1921 Quae
1291 1863 1359 1907 cum
1383 1843 1480 1906 tribus
1502 1842 1578 1906 Iocis
1600 1842 1664 1905 alia
1686 1842 1754 1921 sint,
1777 1876 1818 1885 --
1837 1841 1976 1903 nominat
1992 1840 2022 1903 in

192 1947 402 2014 Aristocraten
424 1951 665 2021 Themistoclem
688 1967 718 2023 et
739 1960 922 2045 Miltiadem,
954 1963 983 2027 in
1007 1961 1195 2046 Olynthiaca
1218 1963 1265 2026 lII
1287 1961 1454 2026 Aristidem
1477 1969 1509 2026 et
1530 1959 1713 2041 Miltiadem,
1747 1960 1778 2022 in
1801 1959 1950 2040 oratione,
1982 1958 2023 2022 de

190 2087 252 2149 qua
269 2070 400 2151 agimus,
423 2072 666 2140 Themistoclem
685 2089 714 2142 et
728 2079 890 2145 Cimonem
909 2090 940 2146 et
956 2082 1123 2147 Aristidem
1148 2121 1187 2128 —
1210 2083 1241 2146 in
1263 2101 1303 2146 ea
1320 2082 1437 2166 optime
1452 2080 1545 2163 cadit,
1568 2079 1651 2161 quod
1667 2079 1805 2142 Blassius
1828 2079 1846 2141 l.
1857 2079 1928 2142 coll.
1939 2099 1968 2162 p.
1983 2076 2023 2141 to

193 2185 234 2248 de
258 2185 304 2250 his
328 2191 465 2272 repetitis
488 2193 564 2258 locis
586 2198 727 2279 exponit:
762 2198 840 2281 „das
872 2202 986 2265 einmal
1009 2201 1208 2265 Entworsene
1242 2200 1350 2265 winde
1381 2220 1437 2264 ror
1463 2200 1534 2264 dem
1557 2198 1743 2264 Gehrauehe
1775 2199 1884 2261 immor
1908 2196 2024 2261 wieder

194 2302 428 2388 durchgeseheu
462 2312 524 2375 und
548 2314 709 2379 entweder
739 2320 906 2401 ansgeleilt
936 2320 1012 2384 oder
1043 2321 1121 2384 auch
1144 2320 1300 2385 vermehrt
1333 2319 1396 2384 und
1426 2320 1608 2384 erweiterl“.
1653 2316 1770 2393 Quodsi
1793 2318 1830 2380 Α.
1853 2316 2023 2381 Schaefero

194 2423 251 2486 lc.
266 2445 294 2507 p.
317 2426 358 2489 93
381 2448 493 2493 nomen
516 2430 662 2514 Cimonis,
692 2436 745 2517 qui
768 2436 882 2501 divitiis
904 2448 935 2503 et
956 2439 1143 2504 liberalitate
1165 2441 1294 2522 insigms
1323 2447 1390 2504 erat
1423 2475 1461 2484 --
1494 2439 1531 2501 cl.
1555 2439 1652 2500 vitam
1675 2437 1740 2500 eius
1762 2458 1783 2499 a
1804 2434 1971 2499 Plutarcho
1993 2442 2023 2499 et

193 2542 316 2626 Nepote
340 2544 494 2629 depictam
520 2588 557 2597 —-
581 2572 601 2615 a
623 2553 744 2619 rhetore
766 2557 797 2620 in
834 2556 916 2621 huno
954 2578 1114 2623 numerum
1148 2560 1251 2642 inepte
1285 2560 1416 2622 relatum
1449 2577 1517 2620 esse
1538 2556 1670 2637 videtur,
1704 2557 1765 2618 iam
1790 2555 1918 2617 Weilius
1940 2561 2023 2618 recte

191 2666 319 2746 censuit,
343 2667 463 2732 etiamsi
487 2670 595 2734 Cimon
618 2673 755 2739 liberalis
777 2682 807 2739 et
828 2675 916 2740 dives
938 2678 1055 2759 fuisset,
1078 2684 1184 2741 tamen
1207 2677 1332 2741 domum
1357 2677 1422 2740 eius
1443 2675 1702 2759 simplicissimam
1726 2694 1793 2737 esse
1816 2675 1962 2757 potuisse.

360 2784 470 2850 Melius
501 2790 592 2853 etiam
624 2792 724 2856 elucet
758 2795 845 2859 stilus
879 2796 1000 2878 poliens
1033 2803 1063 2859 et
1096 2795 1267 2860 emendans
1297 2797 1407 2860 summi
1429 2795 1570 2876 oratoris,
1604 2814 1664 2857 non
1688 2791 1837 2856 sedulitas
1859 2800 1889 2855 et
1913 2792 2023 2855 inertia

191 2899 409 2967 declamatoris
432 2906 461 2968 in
486 2910 695 2994 paragraph0,
719 2931 800 2993 quae
822 2915 961 2996 sequitur·
983 2922 1015 2978 et
1036 2915 1106 2998 ipsa
1127 2934 1250 2997 quoquc
1273 2914 1314 2977 ad
1329 2915 1560 2978 Aristocrateae
1582 2920 1612 2977 et
1626 2911 1832 2995 Olynthiaeae
1855 2911 1901 2974 III
1925 2909 2021 2973 verba

192 3023 333 3103 proxime
356 3026 487 3090 areoedit.
532 3028 598 3091 Iam
622 3049 785 3114 compara:

319 3143 439 3225 XXIII,
458 3149 478 3224 ξ
496 3146 572 3210 208:

257 3266 306 3321 νῦν
321 3261 346 3323 δ’
364 3264 423 3346 ἰδία
440 3267 492 3346 μὲν
507 3268 625 3353 ἑκάστῳ
640 3278 700 3335 τῶν

191 3381 228 3441 τὰ
250 3381 333 3441 κοινὰ
353 3385 542 3464 πραττόντων
568 3391 698 3474 τοσαύτη

191 3500 345 3582 περιουσία
362 3501 439 3564 ἐστὶν
454 3499 532 3565 ὥστε
550 3507 623 3579 τινὲς
646 3510 698 3591 μὲν

191 3620 291 3682 αὐτῶν
321 3626 441 3685 πολλῶν
475 3625 626 3706 δημοσίων
658 3631 699 3691 οἰ·

190 3741 412 3823 κοδομημοίτων
436 3744 615 3826 σεμνοτέρας
645 3747 698 3820 τὰς

772 3208 776 3347 ι

847 3774 928 3833 ματα
952 3752 1002 3813 καὶ
1023 3751 1133 3834 λήρους
1155 3748 1219 3831 (καί
1239 3750 1357 3823 αὐτοῖς

190 3859 265 3931 ἰδίας
305 3865 558 3926 κατεσκευάκασιν
595 3867 698 3942 οἰκίας,
772 3866 774 3871 ’

188 3985 243 4060 γῆν
278 3981 310 4043 δὲ
345 3979 417 4044 ἔνιοι
450 3985 544 4047 πλείιυ
578 3988 697 4050 πάντων
771 3994 774 4086 j

188 4100 270 4181 ὑμῶν
301 4108 359 4165 τῶν
387 4104 417 4165 ἐν
442 4109 484 4190 τῷ
516 4108 698 4192 δικαστηρίῳ

189 4225 410 4305 συνεώνηνται·
431 4226 562 4309 δημοσία
583 4226 698 4312 δ’ὑμεῖς

911 3154 931 3230 ξ
953 3150 997 3214 30
1019 3150 1109 3214 huius
1132 3153 1295 3217 orationis:

933 3271 994 3336 Νῦν
1021 3266 1104 3351 δ’,ῶ
1131 3269 1236 3359 ἄνδρες
1261 3272 1359 3359 Ἀλλη-

847 3396 937 3468 ναῖοι,
945 3395 1075 3477 δημοσία
1087 3395 1140 3478 μὲν
1151 3394 1264 3477 ἡπόλις
1274 3396 1359 3478 ημῶν

848 3513 900 3584 τὰς
927 3514 1015 3586 δδοδς
1039 3514 1142 3598 ἀγαπᾷ
1173 3515 1358 3577 κατασκευά-

848 3635 943 3701 ζουσα
965 3632 1015 3694 καὶ
1039 3633 1148 3716 κρηνας
1183 3634 1233 3694 καί
1260 3633 1357 3695 κονιά-
1434 3678 1436 3725 3

847 3870 1094 3953 εἰσηγησαμένοις
1115 3869 1197 3933 ταῦτ’
1224 3870 1359 3952 ἐπιτιμῶ,

847 3994 961 4053 πολλοῦ
982 4012 1016 4071 γε
1034 3992 1085 4053 καί
1109 3989 1179 4070 δέω,
1199 3989 1264 4054 ἀλλ’
1288 3990 1358 4074 ίυμῖν

771 4123 774 4195 ξ
847 4111 873 4171 εἰ
904 4108 992 4172 ταῦθ’
1028 4111 1114 4173 ίκανὰ
1148 4111 1218 4194 ὑμῖν
1255 4111 1359 4183 αὐτοῖς

771 4220 774 4297 i
847 4228 1067 4314 υπολάμβανετ’
1099 4227 1201 4312 εἶναι),
1239 4232 1299 4315 ἰδία
1332 4229 1357 4293 δ’

187 4335 206 4402 ἃ
226 4343 278 4422 μὲν
296 4346 485 4427 οἰκοδομεῖτε
503 4346 554 4407 καὶ
570 4354 697 4425 κονιᾶτε,
771 4368 773 4411 ἐ

187 4466 227 4535 ὡς
250 4465 340 4546 μικρὰ
358 4468 407 4528 καὶ
425 4465 552 4550 γλίσχρα
570 4468 696 4552 αἰσχύνη

185 4706 245 4766 νυνὶ
268 4707 300 4767 δὲ
322 4707 349 4768 οἱ
376 4707 428 4789 μὲν
451 4707 488 4769 roi
516 4708 598 4770 κοινὰ
627 4709 697 4770 διοι-

847 4350 875 4412 oi
896 4356 956 4414 τῶν
977 4356 1084 4414 κοινῶν
1107 4351 1156 4413 ἐπί
1176 4373 1220 4435 τῳ
1238 4373 1358 4434 γεγενη-

771 4524 773 4533 .
847 4468 929 4552 μένοι
962 4471 989 4533 οί
1022 4471 1075 4554 μὲν
1111 4475 1170 4531 τῶν
1205 4470 1357 4554 δημοσίων

185 4584 280 4664 λέγειν
303 4591 333 4647 et
354 4585 449 4666 panio
472 4586 552 4648 infra
577 4587 596 4663 ξ
619 4585 697 4648 hott:
771 4602 773 4661 ς

771 4774 773 4778 ,
847 4708 921 4782 ἰδίας
983 4708 1076 4781 οἰκίας
1137 4711 1358 4773 κατεσκευάκα-
1433 4770 1435 4779 ,

848 4591 1096 4673 οἰκοδομημάτων
1117 4588 1294 4672 σεμνοτέρας
1306 4590 1358 4661 τὰς

1568 3150 1651 3231 §29
1674 3149 1880 3232 Olyntlriacae
1903 3147 1961 3210 III:

1593 3272 1659 3336 ἀλλ’
1700 3263 1725 3336 oi
1762 3277 1824 3346 τᾶν,
1864 3273 1889 3333 εἰ
1925 3276 2020 3333 ταῦτα

1508 3393 1639 3478 φαύλως,
1661 3393 1698 3454 τά
1717 3391 1742 3472 γ’
1763 3392 1793 3452 ἐν
1813 3391 1890 3474 αὐτῇ
1911 3396 1949 3474 τῇ
1968 3414 2020 3452 πο·

1509 3517 1553 3575 λει
1575 3518 1626 3574 νῦν
1653 3506 1775 3594 ἄμεινον
1802 3510 1876 3595 ἔχει.
1921 3512 1971 3572 καί
1993 3511 2020 3572 τί

1510 3629 1546 3695 ἂν
1566 3635 1661 3696 εἰπεῖν
1680 3655 1721 3704 τις
1741 3630 1822 3715 ἔχρη
1852 3631 1904 3702 τὰς
1927 3630 2016 3692 ἐπάλ-

1508 3756 1573 3832 ξεις,
1586 3746 1622 3825 ἃς
1632 3757 1785 3833 κονιῶμεν,
1797 3750 1909 3822 καὶτὰς
1922 3749 2018 3823 ὁδούς,

1434 3892 1436 3927 ῑ
1509 3867 1545 3945 ἃς
1574 3872 1806 3954 ἐπισκευάζομεν
1837 3870 1887 3932 καὶ
1909 3869 2019 3952 κρήνας

1509 3992 1559 4054 καὶ
1596 3992 1717 4074 ληρουςς
1756 3987 1948 4072 ἀποβλέψατε
1980 3989 2018 4069 δὴ

1508 4113 1580 4195 πρδς
1601 4112 1670 4181 τοὺς
1701 4115 1796 4171 ταῦτα
1828 4107 2018 4191 πολιτευομέ·

1509 4256 1584 4307 νους,
1619 4224 1661 4291 ὧν
1695 4229 1722 4291 ol
1751 4228 1804 4311 μὲν
1832 4227 1866 4289 ἐκ
1887 4232 2018 4311 πτωχῶν

1508 4349 1642 4414 πλούσιοι
1676 4348 1840 4430 γεγόνασιν,
1879 4349 1905 4410 οί
1939 4346 1964 4407 δ’
1989 4346 2017 4415 ἐξ

1509 4471 1623 4540 ἀδόξων
1645 4467 1766 4550 ἔντιμοι,
1799 4465 1872 4529 ἔνιοι
1900 4465 1933 4528 δὲ
1966 4464 2018 4536 τὰς

1508 4590 1584 4661 ἰδίας
1607 4589 1701 4661 οἰκίας
1723 4593 1783 4650 τῶν
1801 4585 1953 4668 δημοσίων
1977 4585 2017 4646 οἰ·

1507 4709 1727 4792 κοδομημάτων
1757 4703 1934 4788 σεμνοτέρας
1961 4698 2017 4765 εἰσί

1805 4822 1841 4872 3⁸*
