4426 5678
1092 219 1128 280 ll

1010 306 1212 314 -----

185 425 389 507 vituperasse,
431 420 515 504 quod
558 420 661 485 uerbis
704 421 766 485 suis
810 422 926 485 nullam
970 442 1034 485 rem
1079 429 1195 485 certam
1235 428 1447 504 persequatur.
1503 419 1626 502 Omnia,
1670 439 1751 501 quae
1788 420 1941 503 leguntur,
1985 439 2023 484 co

187 547 340 626 spectant,
395 546 429 604 ut
472 538 550 603 ordo
596 540 650 604 ille
687 559 785 605 nouus
831 540 947 605 uiribus
991 540 1234 623 commendetur,
1279 547 1445 621 oratorum,
1490 541 1541 620 qrri
1585 540 1614 603 ei
1651 539 1845 619 resistebant,
1889 539 2022 602 arretori-

188 668 237 724 tas
273 660 487 725 labefactetur.
545 657 745 739 Quamquam
785 659 826 721 ab
857 666 980 723 oratore
1014 681 1079 724 reru
1113 680 1170 743 per
1203 659 1353 740 ambages
1386 657 1540 739 quasdam
1570 678 1670 739 nerpre
1700 658 1817 741 aperus
1847 657 1949 721 uerbis
1972 658 2023 739 agi

188 779 297 860 negari
340 797 400 841 non
444 783 554 860 potest.
610 776 705 841 Cuius
737 778 782 841 rei
821 777 903 841 duae
943 798 1057 842 causae
1101 785 1181 861 sunt,
1226 797 1306 861 <purte
1344 776 1419 840 mihi
1455 777 1579 860 qrudem
1622 778 1733 841 summi
1776 777 1923 840 momenti
1955 795 2023 841 esse

189 897 340 961 uidentur.
384 896 522 960 Primum
546 896 669 978 oratori,
704 915 774 958 curu
806 896 836 960 iu
859 896 919 961 hae
942 898 1083 961 contione
1120 897 1163 962 de
1186 898 1299 980 plane
1322 897 1472 978 aliare,
1507 900 1590 982 „aspi
1612 905 1664 960 rod
1688 897 1834 981 παρόντος
1857 897 2023 981 ἀργυρίου“,

190 1022 337 1098 agatur,
360 1014 393 1078 id
408 1014 492 1097 quod
505 1016 532 1078 ei
545 1015 680 1079 maxime
693 1014 778 1079 cordi
792 1023 845 1098 est,
869 1016 997 1079 strictim
1020 1024 1149 1099 tantum,
1173 1036 1233 1080 non
1257 1017 1381 1099 copiose
1396 1024 1602 1097 accurateque
1613 1024 1748 1080 tractare
1770 1017 1849 1079 lieet
1894 1015 2023 1078 hlulturn

189 1135 295 1198 ualent
317 1133 359 1198 ad
381 1134 462 1198 hauc
498 1134 711 1215 quaestionem
734 1133 968 1199 diiudicandum
999 1135 1095 1199 uerba
1118 1136 1250 1199 oratoris
1274 1139 1292 1217 ἓ
1318 1136 1368 1198 12ε
1400 1139 1453 1213 „ori
1481 1140 1538 1221 μὴν
1563 1138 1742 1201 οὐδὲτοῦτο
1766 1139 1867 1221 μικρὸν
1892 1140 2023 1221 ὠφελεῖν

193 1256 291 1340 οἶμαι,
314 1258 340 1319 el
362 1257 399 1319 τὰ
422 1256 588 1341 βέλτιστα
613 1254 757 1319 ἀκούειν
781 1257 868 1340 ὑμᾶς
892 1258 1075 1329 συνεθίζω.
1099 1260 1150 1320 δεῖ
1171 1258 1235 1340 γὰρ,
1266 1249 1291 1319 ὦ
1315 1251 1420 1343 ἄνδρες
1438 1254 1615 1341 Ἀθηναῖοι,
1636 1260 1686 1319 τὸν
1711 1256 1890 1340 βουλόμενον
1913 1278 1938 1318 τι
1961 1281 2023 1319 rer-

191 1382 263 1458 ῆσαι
285 1377 337 1458 τὴν
361 1375 445 1438 πόλιν
469 1376 554 1459 ἡμῶν
577 1375 693 1456 ἀγαθὸν
714 1375 751 1437 τὰ
774 1366 847 1437 ὦτα
869 1381 1007 1459 πρῶτον
1030 1376 1125 1459 ὑμῶν
1149 1377 1351 1451 ldaaotlad,
1375 1373 1484 1456 quibus
1501 1373 1669 1457 profitetur,
1685 1375 1743 1438 hac
1757 1374 1893 1438 oratione
1908 1394 1975 1437 sese
1991 1372 2024 1437 id

191 1501 312 1556 tanturn
324 1493 476 1577 persequi,
499 1499 530 1556 ut
552 1493 673 1556 animos
687 1493 797 1555 civium
811 1491 868 1555 sihi
893 1501 923 1556 et
944 1494 1078 1556 consiliis
1094 1494 1320 1557 suiseoueiliet.
1352 1492 1474 1557 Deinde
1496 1513 1570 1575 rem,
1594 1493 1633 1556 de
1656 1513 1718 1574 uara
1741 1502 1862 1574 agatur,
1872 1513 2024 1556 summam

191 1612 305 1675 oratori
329 1610 542 1675 difficultatem
567 1612 727 1694 praehere,
756 1631 826 1675 cunr
850 1611 938 1696 plebs
962 1613 1058 1676 inrita
1080 1613 1244 1694 pecuniam
1268 1612 1391 1695 publice
1414 1609 1520 1674 datam
1544 1613 1671 1675 rnissam
1694 1612 1796 1695 sarciat,
1827 1612 2024 1676 nuurisestum

191 1738 246 1795 est.
284 1730 377 1815 Apud
402 1731 436 1792 h.
460 1729 671 1812 Sohaeferum,
704 1733 754 1814 qui
778 1751 880 1795 rerum
904 1730 990 1795 huius
1020 1732 1167 1814 temporis
1199 1731 1409 1794 historicarum
1447 1731 1648 1814 peritissimus
1684 1737 1739 1812 est,
1763 1732 1781 1794 l.
1806 1754 1831 1794 c.
1856 1731 1885 1793 ll
1909 1752 1937 1814 p.
1963 1733 2025 1795 150

191 1851 322 1932 legimus
344 1850 436 1913 haee:
459 1869 514 1931 „so
537 1850 609 1912 u‘eit
632 1870 698 1913 uar
720 1849 778 1914 clas
801 1832 881 1913 boel
905 1848 960 1914 des
977 1849 1276 1914 Theorilrcnweseus
1300 1851 1354 1913 mit
1377 1849 1448 1913 dem
1472 1849 1670 1913 athenischcu
1685 1850 1798 1913 Wesen
1813 1850 2024 1931 rerwachsen,

196 1970 270 2034 dass
284 1970 379 2034 selhst
401 1968 671 2033 Demosthenes
687 1969 825 2033 darauf
842 1968 1073 2033 reruichtete
1091 1988 1129 2033 es
1148 1970 1210 2032 mit
1226 1969 1290 2033 der
1305 1969 1450 2033 Wurzel
1469 1969 1738 2032 ausaureissen.
1783 1969 1851 2032 Diu
1874 1988 2025 2051 grosser

196 2090 279 2154 Tell
303 2089 370 2154 der
392 2088 662 2171 Bhrgersehalt
680 2089 820 2152 konute
839 2089 932 2152 ohne
950 2087 1158 2153 Zusehbsse
1177 2088 1241 2154 des
1259 2089 1410 2153 Staates
1428 2088 1528 2153 nieht
1545 2088 1648 2152 mehr
1664 2088 1872 2152 hestehen“.
1917 2089 2025 2170 ltarpue

195 2208 420 2275 Demosthenes
449 2209 481 2271 in
515 2208 704 2271 orationibus
727 2207 930 2291 Olynthiaeis,
965 2227 1153 2289 ‹puarnquam
1187 2209 1280 2272 etiarn
1315 2215 1408 2290 atque
1430 2209 1524 2271 etiam
1546 2208 1587 2272 ad
1615 2207 1695 2271 hane
1718 2208 2024 2303 gravissirnamurem

196 2328 285 2410 redit,
307 2335 411 2392 taureu
436 2328 476 2392 de
499 2327 546 2391 his
570 2328 708 2411 pecuniis
732 2328 821 2391 aliter
842 2326 1031 2391 adhibendis
1053 2328 1244 2410 rogationem
1267 2326 1309 2391 ad
1332 2329 1481 2411 populum
1513 2328 1592 2391 serre
1622 2347 1682 2391 non
1705 2347 1798 2391 ausus
1828 2338 1881 2392 est.
1927 2327 2024 2409 Idem,

195 2446 277 2530 quod
299 2447 436 2511 Blassius
458 2446 498 2510 de
522 2447 621 2529 prima
644 2445 832 2530 Olynthiaea
854 2445 985 2527 disserit,
1008 2445 1048 2509 de
1071 2446 1130 2509 hae
1153 2447 1291 2510 oratione
1314 2449 1406 2511 statui
1434 2452 1548 2529 potest,
1572 2446 1608 2509 cf.
1631 2448 1648 2508 l.
1662 2466 1687 2509 c.
1707 2446 1761 2527 Ill,
1790 2448 1801 2508 l
1827 2468 1856 2529 p.
1875 2448 1939 2510 2111
1960 2444 2023 2509 und

196 2567 272 2632 275:
295 2586 348 2649 „es
370 2565 489 2630 scheint
512 2564 603 2647 nicht,
633 2567 679 2629 als
702 2566 742 2629 ob
764 2565 815 2629 die
838 2566 925 2630 llede
948 2586 1008 2629 uon
1031 2566 1131 2630 einem
1154 2566 1336 2630 lormlicheu
1358 2569 1498 2649 Autrage
1522 2566 1667 2646 begleitet
1689 2586 1833 2647 genesen
1857 2567 1909 2629 sei.
1960 2566 2025 2629 Der

195 2686 313 2751 erteilte
336 2687 395 2749 Rat
418 2687 457 2750 ist
479 2685 601 2767 werrig
633 2683 851 2766 ausgefhhrt
873 2683 944 2748 und
976 2685 1061 2749 sehr
1089 2685 1178 2748 hura
1204 2686 1239 2747 in
1256 2686 1391 2761 seiuen
1415 2685 1672 2748 Dinaelhciten
1696 2683 1904 2766 begrhudet
1927 2735 1933 2747 .
1956 2734 1962 2747 .
1987 2735 1993 2747 .
2018 2735 2024 2748 .

195 2805 255 2870 Die
277 2804 404 2870 Absieht
426 2804 483 2868 der
504 2803 591 2868 Rede
613 2804 652 2868 ist
672 2804 739 2867 also
762 2803 951 2888 wesentlich,
976 2803 1033 2868 das
1056 2805 1139 2868 Volh
1162 2806 1207 2868 irrr
1234 2805 1485 2887 allgemeinen
1513 2824 1770 2887 auzuspornen
1793 2803 1856 2867 und
1879 2825 1916 2866 au
1939 2822 2024 2867 ener-

194 2922 331 3006 gischern
356 2921 511 3005 Handeln,
541 2943 596 2986 vor
630 2924 725 2986 allem
756 2922 835 2986 auch
867 2945 904 2988 au
936 2925 1161 3007 persilnliehem
1185 2923 1400 3007 Kriegsdioust
1432 2925 1528 3006 ruillig
1555 2945 1590 2988 zu
1615 2922 1774 2987 rrraclren“.
1819 2922 1938 2998 Quodsi
1971 2943 2024 3007 po-

194 3051 307 3107 stremo
323 3043 461 3107 blaseius
475 3042 559 3125 dicit,
580 3063 619 3107 ex
641 3042 699 3106 hac
715 3044 854 3106 oratioue
869 3043 942 3106 nihil
958 3045 1029 3107 nori
1041 3064 1097 3108 uos
1109 3046 1290 3127 comperire,
1304 3044 1432 3108 Weilius
1447 3064 1503 3107 suo
1519 3045 1584 3107 iure
1597 3046 1638 3107 ad
1651 3053 1794 3124 «locutam
1807 3042 2025 3126 Philippicam,

195 3163 247 3227 ubi
269 3171 375 3226 orator
396 3169 565 3244 quartum
590 3161 630 3226 tle
653 3163 764 3226 eadem
788 3182 821 3226 re
843 3164 917 3246 agit,
941 3164 958 3226 l.
971 3183 996 3227 o.
1010 3185 1040 3247 p.
1053 3165 1112 3227 361
1139 3164 1218 3227 iufra
1242 3164 1272 3228 id
1296 3163 1422 3227 iudicat..
1456 3165 1607 3245 „Perit-on
1631 3165 1726 3227 croire
1742 3183 1802 3244 urre
1816 3162 2025 3227 Demosthene

195 3303 228 3346 se
250 3283 310 3345 soit
332 3283 410 3345 ainsi
431 3283 521 3367 copie
543 3282 722 3346 lui-meme?
768 3281 862 3346 Sans
885 3282 1012 3366 doute,
1036 3288 1115 3348 nous
1138 3284 1256 3347 l’auons
1286 3284 1341 3365 dit,
1373 3304 1414 3347 uu
1449 3284 1562 3348 certain
1594 3283 1685 3347 fonds
1720 3282 1847 3364 d'idees,
1880 3281 1919 3346 de
1952 3302 2025 3345 cou-

195 3400 392 3481 siderations,
414 3400 657 3466 d'exhortations
679 3410 725 3466 est
747 3422 890 3467 commun
913 3409 933 3467 a
954 3412 1055 3468 toutes
1074 3405 1120 3468 lcs
1142 3404 1366 3487 Philippiuucs.
1411 3405 1437 3467 ll
1461 3424 1499 3468 ne
1531 3404 1656 3487 porrrait
1679 3423 1717 3465 eu
1740 3404 1805 3466 htre
1836 3409 2024 3465 rtrrtremcnt:

195 3541 241 3586 un
260 3527 409 3584 orateur
427 3521 610 3605 politique
629 3531 684 3586 est
702 3523 829 3605 oblige
847 3522 892 3587 de
910 3523 1063 3607 frapper
1081 3532 1237 3588 souvent
1256 3544 1317 3588 sur
1334 3525 1369 3587 le
1387 3526 1502 3588 meme
1521 3525 1639 3607 point,
1662 3523 1683 3585 il
1698 3523 1754 3584 fait
1771 3530 1866 3584 avant
1882 3528 1947 3584 tout
1966 3541 2025 3583 une

194 3661 308 3705 ocuvre
327 3641 477 3723 pratiqnc,
496 3641 530 3704 le
548 3641 652 3724 point
671 3640 802 3706 derue
821 3643 1009 3706 litteraire
1028 3663 1071 3706 ne
1090 3645 1188 3706 vient
1208 3646 1315 3724 qrr’en
1335 3643 1473 3706 second
1491 3643 1594 3706 lieu.“
1626 3641 1690 3705 Sed
1708 3643 1768 3704 iam
1785 3640 1858 3703 satis
1876 3640 2024 3721 satisque!

195 3759 287 3835 Quod
309 3761 417 3823 attinet
446 3759 487 3824 ad
511 3759 743 3844 dispositionem
766 3771 795 3826 et
819 3770 1036 3843 argumentum
1060 3763 1207 3827 orationis
1230 3784 1291 3826 nou
1314 3770 1368 3845 est,
1403 3782 1459 3826 cur
1481 3762 1684 3826 Demostheni
1710 3781 1779 3824 erun
1803 3758 2024 3822 ahiudieemus.

957 3881 1071 3964 Caput
1092 3881 1261 3947 alterum.

363 3998 452 4062 Nune
476 4001 660 4082 diremimus,
684 3999 758 4080 (prud
782 4000 821 4063 de
844 4001 943 4064 altera
966 4022 1008 4083 re,
1032 4020 1112 4082 quae
1136 4003 1268 4066 orationi
1291 4002 1364 4064 sitio
1387 4000 1464 4066 data
1485 4009 1539 4082 est,

542 4119 596 4182 De
618 4119 711 4182 locis
734 4120 885 4183 exsiliis
909 4120 1208 4185 Dcrnosthenieis
1231 4121 1468 4185 orationihus
1490 4119 1681 4205 proruatis,

194 4237 232 4301 sit
267 4237 474 4301 statuendum.
530 4238 658 4302 Weilius
697 4238 765 4301 huic
817 4260 879 4303 non
915 4241 1043 4304 multum
1087 4240 1192 4304 tribuit
1229 4242 1266 4304 cf.
1300 4242 1319 4304 l.
1343 4261 1368 4304 c.
1392 4262 1421 4323 p.
1445 4242 1517 4304 437.
1571 4239 1757 4322 Spengelius
1798 4242 1906 4300 eontra
1948 4235 2025 4299 haec

194 4356 281 4420 dicit:
326 4357 517 4440 „benachtet
551 4378 623 4420 man
659 4357 734 4421 aher
767 4358 819 4422 die
851 4359 1081 4442 Aeuderungen
1120 4358 1184 4424 und
1216 4361 1356 4441 Zus‘rttze,
1392 4380 1427 4424 so
1460 4359 1546 4423 hairu
1580 4379 1651 4420 uran
1686 4357 1782 4420 kaurn
1813 4355 1946 4420 anderes
1978 4356 2025 4418 als

194 4477 263 4540 eino
295 4476 414 4540 frernde
450 4477 543 4540 lland
578 4475 765 4541 erherrrren“.
810 4478 910 4543 Minus
941 4481 1035 4544 etiam
1057 4481 1178 4543 Blassio
1206 4480 1236 4543 hi
1268 4481 1327 4544 loci
1361 4481 1480 4563 repetiti
1513 4478 1659 4560 arrident,
1692 4478 1720 4542 ei
1753 4496 1936 4561 persuasum
1968 4482 2025 4556 cst,

195 4597 252 4660 has
275 4596 490 4679 paragraphus
513 4618 533 4661 a
554 4597 766 4662 declamatore
788 4600 819 4661 in
842 4598 922 4662 hanc
944 4601 1076 4663 lormaur
1099 4600 1244 4664 redactas
1262 4620 1338 4681 esse,
1362 4620 1432 4663 curn
1451 4599 1555 4661 oninia
1577 4606 1608 4661 et
1629 4618 1668 4662 ex
1685 4596 1776 4661 rebus
1798 4604 1829 4661 et
1852 4615 1890 4658 es
1912 4593 2023 4677 verbis,

193 4717 310 4779 sicum
334 4717 408 4779 locis
420 4736 492 4780 vere
505 4715 752 4781 Dcrnosthenicis
764 4738 988 4801 comparemus,
1012 4718 1184 4803 deprauata
1200 4719 1372 4784 rideantur.
1417 4718 1619 4782 llultoetiarn
1632 4717 1733 4781 acrius
1748 4715 1895 4779 iudicium
1918 4713 1958 4777 de
1981 4714 2025 4777 eis

194 4838 231 4899 Α.
256 4835 442 4900 Schaefcrus
464 4837 482 4899 l.
506 4856 531 4899 c.
555 4837 598 4900 [V
622 4859 651 4920 p.
673 4837 715 4900 92
737 4838 818 4900 lacit.
864 4838 952 4914 Quae
983 4859 1053 4902 curn
1088 4840 1131 4903 ita
1163 4840 1231 4920 siut,
1264 4839 1343 4902 hanc
1376 4858 1439 4901 rem
1469 4837 1629 4900 dirulicare
1663 4837 1715 4899 rix
1746 4853 1917 4918 possumus,
1952 4833 2025 4896 nisi

1829 4952 1861 4986 ·)*
