4426 5678
325 437 365 501 ln
387 438 615 501 tractatione
638 437 707 518 ipsa
728 448 869 518 septem
892 443 1020 519 partes
1042 436 1279 519 distinguuntur,
1312 457 1390 520 spiras
1414 457 1520 501 ornnes
1543 437 1606 501 iere
1631 438 1770 502 homines
1800 439 1881 502 docti
1906 441 1981 504 satis

157 557 236 620 bene
258 557 337 619 inter
357 575 391 620 se
414 575 574 620 connexas
596 574 663 619 esse
686 564 810 636 negant.
856 555 942 619 Unus
966 555 1102 618 Blassius
1130 555 1147 617 l.
1171 555 1207 617 el.
1232 576 1260 638 p.
1283 555 1345 618 353
1369 575 1423 619 eas
1454 554 1637 638 quilmsdam
1670 557 1772 620 uerbis
1805 558 1875 623 laxe
1909 580 1979 624 eon-

157 676 278 738 inuctas
312 693 378 738 esse
411 672 562 754 coneedit,
599 672 653 736 sed
688 692 758 735 cum
793 674 931 749 ceterisll
955 672 986 737 id
1010 673 1214 757 reprehendit,
1248 673 1330 757 quod
1353 682 1457 738 orator·
1479 674 1572 756 plane
1594 675 1635 737 ab
1657 695 1699 754 re,
1731 675 1770 739 de
1801 697 1864 758 qua
1894 684 1979 760 agat,

157 793 349 875 digrediatur
370 798 401 857 et
422 813 478 875 pro
502 792 592 856 certis
614 790 799 874 quibusdam
823 790 914 855 rebus
937 792 1021 855 locos
1044 812 1222 856 communes
1251 792 1280 855 in
1303 792 1439 856 medium
1471 792 1616 874 proferat.
1663 797 1752 868 Quae
1782 791 1979 878 reprehensio

157 913 183 975 si
206 919 289 976 recte
309 930 343 975 se
365 909 468 993 habet,
490 910 556 993 quis
578 923 633 991 cst,
656 911 708 991 oni
720 908 921 973 Demostheni
944 911 1114 974 orationem
1130 911 1299 975 attribuat?
1322 912 1403 974 Nam
1427 912 1452 975 si
1475 913 1637 993 quisquam
1652 912 1732 975 alius
1747 915 1827 995 feeit,
1843 934 1980 980 summus

157 1032 207 1096 ille
229 1038 332 1094 orator
353 1050 392 1094 ea
415 1037 535 1093 tanturn
558 1029 690 1112 protulit,
713 1048 794 1109 (luae
815 1029 857 1092 ad
879 1049 945 1092 rem
968 1029 1077 1111 sunt2)
1121 1028 1183 1092 Sed
1208 1030 1267 1092 iam
1287 1030 1344 1111 ipsi
1361 1027 1402 1091 ad
1418 1030 1541 1111 singula
1556 1031 1768 1095 examinanda
1783 1034 1979 1098 accedamus.

324 1148 462 1210 Primum
485 1151 605 1230 partem
628 1156 730 1210 orator
748 1148 874 1230 exponit
893 1147 1100 1231 paragraphis
1122 1148 1236 1210 4-10.
1280 1150 1318 1230 ἕξ
1341 1149 1408 1211 let
1427 1150 1447 1209 ε’)
1466 1168 1578 1212 norum
1604 1149 1645 1212 rei
1671 1149 1812 1232 publicae
1836 1152 1977 1216 ordinem

157 1266 332 1351 adumbrat,
363 1265 517 1349 qtromodo
540 1263 742 1330 Athenienses
773 1266 894 1346 maguis
916 1267 960 1330 rei
984 1266 1127 1349 publicae
1150 1266 1261 1349 opibus
1283 1267 1393 1330 melius
1416 1276 1539 1330 utantur
1565 1278 1595 1330 et
1618 1269 1770 1332 exereitus
1798 1289 1835 1332 ex
1863 1270 1979 1334 civibus

157 1386 240 1470 ipsis,
263 1405 323 1449 non
346 1405 384 1450 ex
407 1384 628 1449 mercennariis
650 1367 754 1466 parari
778 1386 879 1469 possit.

325 1511 342 1587 ς’
365 1507 394 1567 u.
416 1503 633 1566 Emolumenta
655 1504 793 1567 maxima
816 1503 891 1586 lore,
914 1503 939 1567 si
963 1503 1206 1587 rempublicam
1230 1504 1271 1566 ita
1294 1502 1442 1566 ordinent.

323 1627 341 1703 ξ
365 1622 393 1686 i.
419 1622 538 1685 Bellum
559 1629 663 1686 etitem
687 1641 807 1704 parare,
830 1622 1037 1685 necessarium
1061 1641 1138 1705 esse,
1161 1623 1186 1686 si
1209 1623 1362 1685 Graeciae
1385 1622 1590 1705 principatum
1615 1632 1720 1686 tenere
1740 1624 1842 1687 velint.

324 1744 342 1822 ξ
362 1744 389 1805 8.
411 1740 501 1805 Nunc
516 1760 591 1805 vero
608 1741 816 1824 principatum
831 1748 936 1804 tenere
950 1760 1004 1806 eas
1015 1742 1105 1823 velle,
1121 1741 1228 1824 copias
1246 1752 1361 1823 autem,
1379 1740 1489 1822 quilms
1505 1741 1667 1824 imperium
1687 1740 1865 1825 defendant,
1878 1762 1978 1825 rrerpre

156 1858 319 1922 instructas
342 1857 456 1922 habere
478 1878 577 1949 neque
598 1860 758 1941 iustruere,
781 1867 814 1923 ut
836 1859 920 1923 nullo
945 1858 1131 1943 impediente
1155 1859 1333 1942 Mytilenaei
1358 1870 1388 1923 et
1411 1859 1522 1922 llhodii
1544 1860 1718 1924 libertatem
1742 1862 1908 1925 uruiseriot.
1989 1908 1992 1917 .

323 1980 341 2059 ξ
364 1979 392 2041 9.
415 1977 525 2058 ltaque
548 1979 593 2041 eis
613 1978 790 2042 faciendum
813 1997 888 2060 esse,
925 1977 1007 2061 quod
1030 1979 1091 2042 iam
1117 1979 1200 2062 prius
1225 1978 1363 2059 suaserit,
1397 1987 1428 2042 et
1449 1977 1564 2042 debere
1591 1977 1723 2041 eundem
1746 1979 1887 2043 ordinem
1910 2000 1978 2044 esse

154 2114 224 2158 cum
246 2096 419 2180 accipiendi
442 2098 563 2179 argenti
586 2105 649 2160 turn
672 2097 817 2179 faciendi,
840 2116 921 2178 quae
943 2096 1084 2161 deceant.

323 2214 413 2295 §lb
438 2215 483 2278 Eo
505 2226 609 2279 amem
631 2216 767 2279 inanime
799 2235 867 2280 sese
898 2216 1065 2296 sollicitari,
1098 2213 1182 2294 ‹prrod
1204 2213 1281 2279 diros
1314 2215 1421 2279 obolos
1447 2235 1554 2279 onmes
1576 2217 1719 2298 accipere
1740 2217 1875 2299 cupiant,
1911 2217 1979 2281 urhi

151 2333 316 2415 providere
339 2334 465 2399 minime
487 2335 591 2415 velint,
615 2344 647 2399 ut
668 2336 805 2399 exercitu
829 2345 861 2400 et
883 2336 982 2399 classe
1006 2334 1085 2398 hene
1107 2335 1145 2398 sit
1167 2336 1323 2398 instructa.

319 2452 454 2515 Prirmrm
478 2473 583 2518 rursus
604 2451 689 2536 quod
712 2452 878 2518 scholiasta
899 2452 1015 2518 iudicat
1047 2451 1218 2533 audiamus,
1254 2459 1300 2516 est
1322 2451 1404 2515 enim
1428 2451 1582 2534 indicium,
1606 2451 1690 2532 quod
1723 2453 1892 2536 prometur,
1915 2474 1977 2517 mm

150 2570 253 2651 solius,
275 2570 331 2635 sed
354 2572 418 2636 lere
440 2573 575 2636 omnium
594 2573 713 2654 antiqui
731 2572 881 2655 temporis
900 2571 1060 2637 doctorum
1087 2572 1256 2635 hominnm:
1270 2568 1366 2656 ''l-spa
1390 2572 1441 2653 μὲν
1465 2575 1502 2654 ὀὴ
1525 2572 1639 2647 τούτου,
1664 2572 1768 2653 iuquit,
1786 2575 1977 2658 πεπλήρωται

152 2691 234 2777 αὐτῷ
256 2695 289 2755 rh
308 2693 472 2778 κέφαλαιον
490 2701 543 2775 τῆς
570 2696 761 2778 εἰσηγήσεως,
789 2688 873 2758 idria
907 2699 968 2756 rob
1001 2692 1243 2777 συμφέροντος
1277 2691 1514 2774 συμπεραίνεται.
1558 2688 1683 2771 Optime
1709 2688 1787 2753 haee
1809 2688 1977 2754 scholiasta

151 2807 232 2887 dicit,
255 2808 311 2870 sed
335 2808 365 2871 id
388 2808 506 2872 addere
528 2811 631 2890 velim,
654 2811 695 2873 ab
717 2820 841 2875 oratore
865 2808 985 2874 disertis
1007 2819 1037 2874 et
1061 2808 1206 2873 dilucidis
1228 2808 1330 2872 verbis
1345 2806 1549 2872 demonstrari
1571 2807 1710 2872 ordinem
1736 2829 1859 2890 nm'urn,
1883 2829 1976 2891 ‹puern

151 2924 272 3004 suadet,
295 2946 356 2989 non
378 2927 477 2990 solum
501 2946 569 2992 esse
591 2929 707 3009 utilem,
738 2927 794 2992 sed
817 2929 910 2993 etiarn
932 2930 1192 2994 necessarium.
1236 2927 1413 2991 Sententiae
1436 2937 1549 3008 autem,
1581 2946 1662 3007 quae
1686 2926 1733 2990 hio
1756 2927 1925 2991 afferuntur
1947 2937 1977 2993 et

150 3044 260 3108 ruodus
282 3043 469 3127 disputandi,
502 3043 555 3127 qui
586 3054 762 3130 usurpatur,
796 3030 907 3112 mirum
940 3049 970 3111 in
1002 3046 1127 3111 modrnrr
1150 3046 1192 3111 ad
1215 3044 1432 3110 Demosthenis
1456 3064 1543 3109 usum
1566 3046 1726 3109 accedunt.
1771 3047 1818 3109 An
1841 3054 1933 3129 putas
1956 3069 1976 3111 a

149 3161 360 3227 ‹leelamutore
395 3162 531 3244 quodam
562 3176 626 3230 tarn
658 3166 817 3250 praeclare
839 3165 1072 3231 Atheniensium
1094 3164 1229 3229 studium
1257 3165 1332 3229 illud
1355 3166 1433 3228 duos
1455 3164 1562 3228 obolos
1590 3164 1764 3247 aecipiendi
1788 3184 1856 3229 esse
1877 3186 1974 3249 oppo-

149 3279 240 3343 situm
262 3281 376 3344 civium
398 3284 624 3366 neglegentiae,
647 3304 710 3366 qua
731 3285 863 3368 patriam
886 3286 1037 3350 inermem
1059 3294 1090 3349 et
1112 3285 1304 3348 immunitam
1326 3304 1393 3348 esse
1416 3282 1634 3366 patiebantur?

318 3399 358 3463 ln
380 3401 501 3465 altera
524 3411 622 3485 parde,
644 3423 723 3488 quae
744 3405 822 3469 inest
844 3406 875 3468 in
899 3409 918 3486 ξ
943 3407 992 3488 11,
1020 3405 1213 3486 rogationem
1236 3406 1255 3484 ξ
1277 3403 1297 3465 3
1321 3403 1439 3487 repetit,
1474 3411 1507 3465 nt
1528 3402 1612 3465 eires
1634 3403 1777 3467 contione
1799 3414 1912 3466 vocata
1934 3402 1975 3467 de

150 3518 328 3600 republica
350 3519 459 3583 melius
482 3519 656 3586 ordinanda
678 3523 858 3606 consultant,
880 3522 936 3588 sed
958 3524 1001 3588 ita
1022 3523 1143 3608 repetit,
1176 3529 1209 3586 ut
1230 3528 1363 3603 censeat,
1399 3520 1458 3585 hoe
1484 3522 1670 3604 extemplo
1693 3521 1871 3585 faciendum
1896 3541 1974 3603 esse,

151 3635 234 3718 quod
258 3637 314 3700 nisi
337 3635 399 3719 liat,
422 3658 508 3722 opes,
530 3659 600 3704 cum
623 3648 746 3726 tempus
767 3643 912 3726 postulet,
933 3643 966 3706 in
988 3649 1132 3726 promptu
1155 3658 1225 3704 sese
1247 3639 1405 3704 habituros
1428 3658 1488 3702 non
1512 3659 1588 3703 esse.

319 3753 422 3830 duim
456 3756 515 3821 hae
548 3757 630 3824 dnae
663 3767 769 3844 partes
796 3779 899 3826 nonne
937 3779 1110 3825 connexum
1147 3758 1271 3841 hahent,
1316 3779 1377 3842 quo
1421 3758 1529 3821 melior
1563 3768 1592 3822 et
1626 3760 1718 3821 artior·
1747 3758 1876 3840 cogitari
1911 3778 1975 3823 non

153 3874 273 3952 potest?
316 3875 439 3959 Optime
462 3884 567 3941 orator
588 3878 799 3962 progreditur;
821 3880 955 3963 primum
976 3877 1217 3943 Atheniensibus
1238 3898 1304 3941 rem
1326 3877 1483 3961 publicam
1499 3875 1601 3940 denno
1619 3875 1836 3957 ordinandam,
1859 3875 1973 3941 deinde

152 4009 213 4054 non
236 3993 442 4058 cunctandum
465 4014 532 4060 esse
555 3995 614 4062 hoc
636 3999 739 4063 lacere
761 3997 961 4063 demonstrat.

320 4112 466 4178 Venimus
489 4114 531 4179 ad
553 4118 701 4181 tertiam
725 4125 856 4201 piantem,
877 4136 959 4199 (puae
976 4116 1193 4200 paragraphus
1210 4113 1332 4178 12-17
1355 4115 1502 4198 eontinet,
1525 4113 1576 4178 uhi
1599 4112 1658 4178 hoe
1676 4115 1740 4179 lere
1758 4112 1851 4176 modo
1868 4120 1973 4177 orator

150 4238 398 4311 argumentatur:
422 4235 440 4314 ξ
458 4234 505 4297 12.
530 4243 729 4319 oratorem,
746 4236 808 4318 qui
826 4237 1015 4318 rogationi
1034 4242 1069 4300 et
1086 4235 1257 4299 consiliis
1275 4235 1352 4298 suis
1369 4232 1603 4316 adversetur,
1626 4233 1725 4314 (εἶπεν
1744 4235 1785 4307 τίς
1803 4258 1860 4297 που
1878 4234 1972 4317 λέγων

149 4355 209 4412 τῶν
231 4353 486 4437 ’ὀιαρῥηγνυμένων
509 4356 535 4418 εἰ
557 4363 650 4420 ταῦτα
672 4354 841 4442 γενήσεται)
869 4354 986 4419 dixisse
1008 4354 1251 4419 Demosthenem
1284 4371 1352 4416 sese
1375 4353 1492 4416 iactare
1515 4352 1544 4415 in
1568 4352 1673 4416 rostris
1695 4360 1725 4416 et
1747 4370 1838 4415 aures
1861 4351 1973 4415 civium

149 4464 330 4531 obtundere.

309 4762 327 4821 't
345 4764 376 4814 el.
398 4761 475 4814 Weili
495 4763 575 4816 verim
593 4763 609 4815 l.
628 4763 660 4816 el.
680 4781 704 4831 p.
722 4767 785 4818 4305:
806 4762 829 4814 le
855 4772 924 4815 reste
943 4763 980 4815 dn
998 4761 1118 4814 discours
1144 4760 1211 4813 rr'est
1229 4760 1326 4828 qu'une
1350 4759 1419 4811 suite
1438 4761 1471 4811 do
1490 4760 1698 4812 consideratione
1717 4757 1860 4826 gorius-alos,
1898 4759 1920 4824 a)
1939 4759 1971 4811 cs,

151 4872 219 4923 purae
240 4855 358 4908 lilassius
376 4854 392 4906 l.
413 4850 446 4902 cl.
465 4853 504 4905 lll
523 4870 546 4919 p.
569 4853 615 4904 lii
636 4868 660 4903 u.
682 4850 731 4902 its
749 4851 781 4902 de
801 4848 986 4901 llcrnostheuis
1004 4847 1104 4901 rationo
1125 4863 1212 4899 rorum
1231 4846 1427 4898 tractandarum
1446 4846 1550 4914 egregio
1569 4846 1680 4898 disserit.
