4426 5678
1113 235 1133 296 o

1021 324 1224 334 *k-

377 433 455 514 §3l.
479 432 616 508 Quarum
625 455 725 499 rerum
735 434 1304 520 causamesse,quodillistemporibns
1313 438 1564 521 penespopulum
1573 438 1925 520 potentiaetanctoritas
1934 439 2035 520 luerit,

205 550 254 626 liis
267 553 308 642 sit
322 572 419 635 penes
434 553 508 617 istos
526 561 673 636 oratores,
697 555 831 638 populus
842 555 974 618 ministri
987 556 1088 619 locum
1107 555 1244 619 obtineat
1255 556 1360 638 eisque
1373 556 1465 620 rebus
1475 564 1636 622 contentus
1648 557 1694 638 sit,
1703 577 1779 640 quas
1792 558 1844 621 isti.
1852 558 2036 649 condonent.

313 653 317 662 ⁵
376 673 488 737 Primis
511 673 584 756 ipsis
606 673 710 736 verbis
732 678 838 737 orator
859 674 1017 756 protessus
1043 681 1089 737 est
1116 693 1184 738 sese
1207 675 1358 737 maiorum
1382 675 1576 758 temporam
1600 677 1782 739 memoriam
1809 685 2038 758 revocassent

207 769 293 857 cives
308 792 453 876 exemplo
472 793 631 876 proposito
650 792 818 875 compellat
836 790 877 854 ad
896 793 1030 856 maiores
1048 779 1217 857 irhitandos
1239 793 1301 874 (ira
1318 797 1368 858 καὶ
1383 797 1546 880 μιμώμεθα
1565 797 1617 870 τὰς
1631 801 1689 859 τῶν
1713 796 1885 859 ἀναθέντων
1905 796 2036 880 ἀρετάς).

207 909 245 975 ld
266 919 370 976 autem
392 912 478 974 nulla
500 911 563 974 alia
583 930 615 974 re
637 912 741 974 lacere
763 918 915 994 poterant,
939 911 996 975 nisi
1019 931 1057 975 ea
1079 910 1162 994 quod
1194 932 1259 976 rem
1282 912 1440 996 publicam
1472 913 1582 977 melius
1614 911 1800 976 ordinabant
1830 913 1951 997 ipsique
1980 912 2036 976 ad·

206 1028 423 1095 ministrabant
446 1049 545 1111 neque
568 1030 740 1093 oratoribus
763 1035 793 1093 et
814 1030 944 1094 ducibus
967 1031 1072 1094 ornnia
1089 1031 1313 1114 permittebant
1336 1033 1448 1095 lacere.
1493 1031 1563 1095 Hoc
1595 1033 1653 1096 sibi
1687 1032 1794 1095 rolrmt
1816 1032 1913 1096 rerba
1940 1033 2035 1114 §262

207 1149 261 1228 „dv
284 1146 331 1236 ἄρ’
354 1151 436 1235 ὑμῶν
459 1153 558 1215 αὐτῶν
587 1151 650 1215 ἀλλ’
673 1151 706 1214 ἐκ
729 1150 841 1215 τούτων
873 1175 907 1234 γε
938 1152 1067 1234 δύνησθε
1103 1153 1270 1233 γενένλλαι
1304 1153 1516 1238 κρείττουςίι.
1560 1151 1641 1214 Natu
1665 1152 1695 1214 in
1718 1150 1935 1235 paragraphis,
1956 1171 2036 1234 quae

120 1256 138 1268 ”
164 1293 167 1297 ·
205 1262 383 1350 sequuntur,
415 1289 476 1331 non
500 1269 530 1331 in
552 1269 728 1332 universum
750 1269 901 1332 nreiorum
925 1275 1066 1351 tempora
1089 1288 1157 1331 cunr
1182 1269 1234 1351 eis,
1258 1288 1338 1351 quae
1361 1276 1433 1332 tunc
1456 1276 1554 1351 erant,
1589 1278 1815 1353 comparantur,
1848 1268 1903 1333 sed
1926 1271 1971 1333 ita
1984 1266 2036 1351 lit,

170 1465 173 1467 Α
208 1394 240 1454 ut
261 1388 379 1453 civibus
401 1397 472 1452 ante
496 1388 602 1483 cemus
625 1397 766 1471 prodatur,
803 1407 864 1469 quo
900 1388 1000 1468 inagis
1031 1387 1095 1450 istis
1127 1388 1300 1451 oratoribus
1333 1387 1471 1462 obsecuti
1493 1395 1606 1472 essent,
1642 1408 1679 1453 co
1702 1390 1803 1470 inagis
1825 1390 1869 1452 rei
1893 1389 2037 1472 publicae

206 1509 421 1572 anctoritatem
444 1514 475 1601 et
497 1526 572 1590 opes
594 1507 772 1569 imminutas
794 1526 870 1570 esse.
915 1506 947 1568 Si
970 1506 1037 1588 quis
1060 1505 1140 1570 hunc
1163 1507 1265 1570 locum
1289 1527 1398 1590 piarnm
1422 1506 1549 1571 adrem
1573 1506 1688 1571 dictum
1720 1528 1787 1571 esse
1819 1507 1913 1590 dicat,
1944 1509 2036 1572 velim

207 1628 351 1710 respiciat
368 1626 465 1689 verba
477 1621 506 1706 ξ
525 1625 579 1690 ct:
598 1629 798 1711 „tiaratorum
819 1629 859 1700 εἰς
881 1629 950 1699 τοὺς
968 1634 1026 1691 τῶν
1045 1625 1201 1711 Ἑλλήνων
1222 1628 1377 1712 dadpoo;“,
1400 1646 1481 1707 quae
1500 1626 1579 1689 infra
1594 1628 1769 1690 accuratius
1787 1627 1988 1692 tractabimus
2006 1634 2037 1691 et

208 1747 299 1828 §3th
322 1750 389 1823 „aad
412 1748 446 1811 od
469 1754 533 1819 τοῖς
556 1748 802 1831 εἰσηγησαμένοις
818 1745 899 1809 ταῦτ’
913 1747 1036 1830 ἐπιτιμῶ
1060 1799 1066 1810 .
1089 1799 1096 1811 .
1119 1799 1126 1811 .
1151 1747 1368 1830 ὑπολάμβανετ’
1386 1748 1491 1823 εἷναι“,
1513 1744 1668 1808 eteoclem
1684 1747 1765 1809 locu:
1788 1749 1833 1823 „oi
1854 1754 1913 1810 τῶν
1928 1755 2035 1811 κοινῶν

124 1887 129 1895 ·
178 1952 185 1967 ⁸
208 1868 256 1931 ἐπί
278 1892 321 1951 τιμ
343 1867 533 1951 γεγενημένοι
556 1917 563 1928 .
587 1917 593 1930 .
617 1916 624 1929 .
648 1916 654 1928 .
677 1862 750 1948 ὅσην
774 1865 835 1929 οὐδ’
857 1859 928 1951 iven
952 1861 1080 1949 ἤλπισαν
1102 1869 1240 1929 πώποτέ(
1263 1874 1292 1929 et
1310 1872 1467 1949 postremo
1484 1870 1581 1927 totam
1599 1864 1831 1948 paragraphum
1843 1864 1894 1946 31,
1918 1864 1968 1928 uhi
1983 1885 2036 1928 ex·

206 1987 321 2069 pressis
343 1985 446 2048 verbis
469 1993 575 2050 orator
597 1983 741 2066 altirmat,
765 2003 828 2066 per
850 1983 941 2046 istos
965 1991 1138 2047 oratores
1160 1985 1264 2047 omnia
1287 1984 1318 2046 in
1341 2004 1373 2048 rc
1395 1984 1522 2066 publica
1544 1983 1579 2046 in
1603 1984 1708 2066 peius
1731 1989 1870 2046 rrrtrtata
1892 2003 1982 2048 esse.

375 2104 484 2186 Neque
496 2104 596 2166 minim
609 2078 691 2197 apte·
704 2103 863 2185 septima
886 2108 916 2165 et
927 2111 1083 2184 postrema
1096 2123 1170 2186 pars
1183 2104 1293 2183 verbis,
1311 2123 1391 2186 quae
1404 2101 1600 2185 antecedunt,
1617 2102 1799 2165 annectitur.
1831 2101 1912 2164 Nam
1935 2102 1979 2165 ita
1994 2101 2035 2165 ab

206 2235 329 2288 oratore
352 2243 401 2286 res
423 2242 514 2307 porro
537 2228 695 2302 tractatur,
717 2228 750 2283 ut
772 2221 890 2285 civibus
913 2221 1100 2304 persuadere
1123 2221 1255 2306 studeat,
1286 2243 1355 2286 cum
1378 2223 1450 2286 talis
1472 2224 1510 2285 sit
1528 2222 1661 2285 ciuitatis
1680 2221 1830 2303 condicio,
1853 2241 1913 2284 non
1936 2222 2036 2285 solum

207 2343 337 2424 gloriam
349 2351 486 2405 veterem
509 2349 539 2403 et
560 2359 708 2419 rrraggnam
731 2341 877 2403 amissam
900 2360 977 2422 esse,
1000 2340 1055 2404 sed
1080 2341 1140 2404 iam
1164 2361 1228 2404 rem
1243 2342 1400 2425 publicam
1417 2342 1448 2404 in
1468 2361 1620 2405 surnrmnn
1635 2338 1801 2405 discrimen
1820 2348 1851 2403 et
1866 2340 2035 2423 periculum

205 2443 318 2527 uocari.
363 2463 408 2525 Re
431 2463 472 2524 ita
496 2467 631 2532 tractata
652 2461 764 2524 civium
787 2460 908 2523 anirnos
930 2461 1066 2523 rrraxime
1088 2462 1287 2543 comnmreri,
1320 2471 1352 2524 nt
1373 2461 1503 2524 consilia
1526 2460 1659 2522 oratoris
1681 2459 1720 2522 de
1744 2479 1776 2522 re
1799 2459 1925 2542 publica
1946 2460 2036 2523 aliter

139 2602 145 2608 ·
205 2582 381 2647 malinanda
394 2582 525 2645 libenter
537 2581 704 2661 accipiant,
723 2580 860 2660 quisset,
883 2581 933 2662 qni
953 2580 1067 2662 neget?
1111 2579 1199 2643 llaec
1217 2588 1298 2662 surm,
1313 2599 1392 2661 qnae
1408 2587 1516 2669 'orator
1533 2577 1741 2662 paragraphis
1755 2578 1882 2641 32-35
1894 2579 2035 2661 exponit:

376 2701 464 2778 §32
499 2699 599 2779 Circs,
623 2719 694 2762 cnm
718 2700 760 2762 ita
780 2718 814 2762 se
837 2708 957 2780 gerant,
984 2700 1047 2762 alia
1070 2697 1231 2780 plebiscita
1255 2699 1357 2762 lacere
1380 2704 1472 2778 ahqrre
1491 2717 1540 2760 res
1568 2715 1685 2776 gerere.
1729 2696 1772 2761 Ut
1809 2698 1853 2760 cis
1882 2699 2036 2780 placuisse

206 2829 314 2882 contra
337 2819 543 2895 llcgarcnscs,
567 2817 618 2897 qui
640 2837 762 2880 sarcarum
784 2825 898 2880 terram
922 2817 1151 2900 occupaverint,
1175 2817 1335 2900 proticisci,
1358 2798 1502 2880 l'lrlia'siis
1524 2816 1660 2899 expulsis
1682 2816 1798 2878 arixilio
1822 2817 1935 2879 uenire.

376 2934 466 3015 §dil
489 2933 578 3009 Quae
601 2954 669 2996 esse
692 2935 854 3018 plebiscita
888 2937 970 2999 bona
1004 2943 1035 2998 et
1058 2936 1182 2999 ‹ziritate
1204 2936 1308 3017 digna,
1342 2935 1397 2999 scd
1430 2936 1514 2998 tacta
1545 2955 1695 3014 mrsquam
1731 2954 1800 2997 esse
1830 2940 1944 2997 secnta.
1988 2934 2036 2997 lta

206 3054 374 3139 plebiscitis
396 3053 468 3117 nihil
492 3050 578 3116 aliud
601 3053 657 3115 nisi
682 3053 857 3115 inimicitias
879 3053 936 3115 sibi
960 3054 1073 3137 inarari,
1096 3074 1168 3117 uam
1193 3055 1281 3136 vires,
1305 3055 1416 3135 ‹prrilrus
1439 3054 1564 3117 decreta
1587 3061 1802 3135 exsequantur,
1826 3052 1943 3116 deesse.

376 3175 466 3255 §aa
500 3172 570 3249 Qua
602 3193 635 3235 re
657 3192 724 3235 sese
759 3171 876 3234 civibus
906 3172 1048 3253 siradcre,
1081 3180 1115 3235 ut
1148 3180 1201 3235 ant
1234 3174 1354 3235 minora
1384 3179 1492 3257 petant
1514 3173 1712 3253 contentique
1735 3173 1794 3235 sint
1816 3173 1879 3235 suis
1902 3173 2034 3255 ipsomm

206 3293 336 3373 negotiis
358 3291 489 3373 agendis
511 3300 565 3354 arnt
586 3293 719 3355 nmiorcs
742 3310 818 3373 opes
833 3300 1023 3374 comparent.
1067 3292 1157 3355 Prius
1174 3299 1278 3355 arrtem
1294 3293 1397 3356 lacere
1413 3293 1514 3373 magis
1533 3277 1679 3375 Siplmios
1702 3300 1732 3356 et
1752 3290 1906 3375 Kytbnios
1925 3291 2036 3355 decere

204 3431 297 3492 ιγιιιιινι
322 3410 535 3474 Athenienses.
580 3410 667 3473 Cum
690 3408 940 3474 Athenienses
961 3410 1048 3491 sint,
1072 3430 1153 3473 sese
1176 3412 1231 3474 eis
1253 3410 1425 3492 suadere,
1448 3418 1486 3474 nt
1510 3431 1599 3495 opes
1621 3418 1790 3491 augeant.

375 3533 393 3610 ξ
416 3529 465 3592 35.
488 3530 657 3592 Praeterea
680 3550 741 3592 uon
762 3531 861 3593 solum
884 3537 981 3613 turpe,
1006 3529 1061 3593 sed
1085 3531 1178 3593 ctiam
1201 3531 1326 3613 plenum
1361 3530 1490 3614 periculi
1522 3550 1589 3593 esse
1612 3529 1651 3593 de
1676 3530 1849 3612 principatu
1872 3528 2034 3610 Graeciae,

202 3669 294 3731 quem
316 3643 435 3711 tarndin
459 3647 630 3729 habuerint,
653 3648 825 3712 concedere
848 3656 879 3712 et
895 3656 1015 3712 veteres
1034 3650 1150 3712 anticos
1165 3651 1314 3732 proicere,
1338 3654 1516 3731 praesentes
1532 3647 1631 3713 hostes
1654 3686 1693 3693 —
1717 3649 1766 3712 cui
1780 3668 1841 3710 non
1854 3648 1885 3710 in
1901 3654 2034 3711 mentem

201 3770 285 3831 venit
303 3767 452 3850 Philippi!
477 3806 516 3812 —
539 3787 669 3848 magnos
694 3769 805 3832 l'ucerc.
849 3768 982 3833 Omnino
1004 3775 1107 3831 autem
1131 3806 1169 3814 —
1193 3769 1419 3849 qrdbnsrerbis
1441 3768 1520 3832 redit
1543 3769 1584 3832 ad
1607 3767 1810 3845 adversarios,
1834 3762 1911 3847 iqrros
1935 3767 1965 3828 in
1988 3765 2035 3829 his

202 3887 408 3971 paragraphis
442 3888 562 3968 stringit
589 3894 717 3968 tanturn,
741 3888 970 3972 impugnandos
1056 3894 1089 3950 ut
1110 3889 1285 3952 oratoribus
1319 3890 1360 3958 (νὶ
1383 3890 1618 3973 πολιτευόμενοι)
1650 3906 1710 3949 non
1744 3887 1835 3949 liccat
1866 3885 1975 3967 subito,
2009 3886 2034 3948 si

201 4009 306 4088 velint,
330 4006 476 4069 recedere
499 4028 518 4069 a
541 4006 721 4090 republica
745 4006 1004 4089 administranda,
1028 4009 1072 4070 ita
1094 4026 1148 4070 eos
1171 4028 1231 4071 non
1254 4007 1356 4071 subito
1379 4027 1462 4070 nora
1483 4008 1600 4069 ratione
1633 4026 1735 4069 rernm
1758 4003 1966 4088 gerendarum
1989 4004 2033 4067 nti

200 4146 300 4209 posse.
345 4127 447 4188 Antea
471 4126 551 4187 enim
575 4131 743 4209 occupatos
767 4127 859 4189 luisse
883 4127 1015 4207 negotiis
1038 4127 1131 4189 totins
1154 4127 1308 4189 Graeciae
1331 4125 1469 4207 agendis.

371 4245 429 4307 llic
452 4244 556 4305 omma
580 4250 609 4306 ct
633 4252 695 4307 tam
723 4246 817 4327 plane
851 4244 892 4307 ad
927 4264 991 4307 rem
1027 4246 1219 4328 propositam
1253 4251 1395 4326 spectant
1427 4282 1466 4289 —-
1490 4219 1794 4307 cornamemoroillud
1826 4242 1872 4306 bis
1898 4243 2031 4324 positum

200 4366 311 4447 „pellic
335 4366 457 4448 ὀύναμιν
474 4366 780 4447 ,superexcedentem
794 4369 823 4425 el
844 4366 895 4440 „ab
918 4367 971 4447 τὴν
994 4364 1114 4447 δύναμιν
1130 4366 1438 4447 πνιρνισκευιίσανλλαιιι
1450 4401 1488 4408 -
1503 4370 1532 4425 ct
1543 4370 1605 4425 tant
1620 4363 1745 4444 egregie
1767 4362 1866 4424 verbis
1885 4380 2034 4443 expressa

202 4489 280 4563 stunt,
294 4520 333 4525 —-
347 4490 429 4544 recte
442 4481 570 4545 Wcilius
586 4488 713 4543 arrnotat
728 4483 824 4545 verba
837 4482 902 4545 illa:
921 4483 999 4560 ,ced
1019 4485 1097 4547 ἐστὶν
1112 4485 1149 4568 ἐφ
1162 4484 1239 4566 ὑμῖν,
1260 4484 1320 4546 οὐδ’
1337 4480 1371 4546 ἂν
1390 4486 1555 4566 ἀποστῆναι
1572 4489 1630 4546 τῶν
1648 4479 1835 4566 Ἑλληνικῶν
1854 4481 2032 4564 βνύλησλλειι,

202 4602 344 4683 proxime
369 4600 519 4664 accedere
542 4598 584 4662 ad
607 4599 711 4681 rerba,
735 4620 814 4680 qnare
834 4601 970 4664 Pericles
993 4601 1078 4683 apud
1098 4600 1317 4683 Tlnrcpdidem
1340 4601 1380 4682 ll,
1398 4601 1440 4663 36
1462 4601 1535 4663 facit
1558 4637 1599 4645 -
1621 4608 1653 4662 ut
1671 4599 1810 4663 blassins
1828 4604 1857 4662 et
1876 4598 1928 4660 alii
1947 4596 2032 4660 docti

200 4721 347 4801 homines,
371 4720 420 4802 qm
444 4720 580 4799 reliquas
598 4719 744 4782 orationis
767 4728 872 4803 partes
895 4719 1132 4802 reprehendunt,
1156 4718 1235 4782 lianc
1259 4718 1394 4783 laudent.
1439 4719 1526 4783 Unus
1549 4720 1584 4782 A.
1598 4718 1782 4782 Sebaetcrus
1805 4716 1884 4780 lintre
1907 4735 2030 4797 qnoque

198 4840 300 4903 locnrn
325 4860 362 4902 ex
387 4838 516 4902 rhetoris
539 4839 662 4920 ingenio
687 4846 716 4901 et
738 4839 902 4903 sedulitate
926 4839 1097 4920 profectum
1120 4857 1189 4902 esse
1211 4839 1285 4902 rult.

1824 4953 1841 4989 ¹)
