4426 5678
1096 250 1135 314 15

191 455 373 541 εὐεργεσίας.
402 452 465 518 Νιῖν
483 446 670 538 δ’,ὧάνδρες
688 449 865 537 'Abnuaiou
878 453 1012 539 φθόρους
1107 458 1110 495 ¹
1206 455 1300 539 τίμιον
1323 447 1359 538 ἦν
1382 460 1469 516 πᾶσιν
1493 454 1663 538 ἀνθρώποις
1684 455 1718 517 τὸ
1732 453 1872 537 γενέσθαι
1893 453 2027 527 πολίταις

193 574 372 659 ἀνθρώπους
395 574 569 658 οἰκοτρίβων
598 572 773 658 οἰκότριβας,
801 575 887 657 τιμὴν
909 569 1010 656 ὥσπερ
1205 573 1276 657 παρ’
1291 573 1370 657 ὑμῖν,
1385 569 1460 637 aicb'
1474 573 1547 658 ὑπὲρ
1561 579 1614 637 τοῦ
1623 578 1727 658 τυχεῖν
1741 574 1846 636 τούτου
1860 578 2024 656 τηλικαῦτα

190 687 287 758 άλλου
318 717 370 757 του
402 699 462 756 τῶν
498 692 594 756 ὠνίων
627 670 838 777 λαμβάνοντες,
871 693 1010 756 caretate
1106 656 1108 769 ί
1206 691 1283 774 ὑμᾶς
1306 691 1409 773 άγαίλάι
1432 685 1546 776 ἤθελον
1560 698 1666 768 ποιεῖν,
1683 697 1732 754 νῦν
1749 691 1774 754 δ’
1798 687 1893 765 οὕτως
1911 685 2024 776 ἄτιμον,

191 813 325 885 πολίτας.
1105 788 1109 887 l,
1206 806 1283 874 ὥστε
1307 816 1367 874 τοῖν
1390 811 1600 895 τετυχηκότων
1621 811 1728 874 πολλοὶ
1749 810 1843 873 πλείω
1868 811 1947 873 κακὰ
1965 814 2024 873 τῶν

1105 930 1109 1003 ,f
1205 935 1342 1013 φανερῶς
1366 930 1486 1015 ἐχθρῶν
1511 933 1581 994 εἰσιν
1604 930 1681 1015 ὑμᾶς
1702 929 1897 1014 εἰργασμένοι.

361 1045 421 1109 Hic
444 1053 566 1110 mutata
588 1054 657 1110 sunt
679 1045 777 1110 verba
799 1049 866 1125 „aab
887 1048 992 1111 ποὶλινιι
1011 1045 1045 1109 in
1069 1049 1136 1124 „aab
1159 1048 1303 1133 πρότερον
1324 1049 1459 1129 τούτους
1487 1047 1610 1130 deiude,
1640 1047 1680 1111 de
1703 1067 1766 1129 qua
1788 1066 1821 1110 re
1843 1047 1906 1109 iam
1929 1065 2024 1130 supra

188 1164 334 1245 diximus,
359 1164 531 1229 Perdiccae
553 1185 674 1246 quoque
698 1165 930 1247 immunitatem,
954 1183 1015 1227 non
1038 1164 1194 1227 civitatem
1216 1163 1325 1228 datam
1348 1184 1416 1229 esse
1438 1167 1579 1247 legimns.
1623 1166 1711 1230 Idem
1734 1171 1847 1248 autem,
1878 1162 1961 1247 quod
1984 1163 2023 1227 de

189 1283 323 1349 blenone
347 1282 560 1364 iudicavimus,
583 1284 613 1347 in
635 1282 818 1348 Perdiccam
841 1283 933 1367 eadit,
967 1303 1059 1365 (piram
1081 1284 1289 1349 Macedonum
1320 1284 1507 1349 tetrarcham
1544 1285 1632 1348 bellis
1654 1285 1786 1348 Persicis
1819 1284 1912 1347 tuisse
1939 1292 2023 1348 reete

190 1404 227 1467 Α.
238 1402 423 1467 Schaeierus
434 1403 453 1466 l.
465 1424 489 1467 c.
500 1424 530 1487 p.
540 1402 581 1466 93
599 1403 629 1466 in
646 1403 846 1467 annotatione
865 1405 963 1467 altera
976 1402 1153 1487 disputavit.
1189 1404 1327 1468 Tertium
1345 1403 1421 1468 illud
1440 1405 1637 1468 enunciatum
1655 1403 1814 1487 particulis
1837 1407 1887 1467 καὶ
1904 1404 1961 1488 γάρ
1979 1427 2024 1466 τοι

188 1520 397 1587 introductum
430 1522 478 1585 hic
510 1523 603 1605 plane
626 1522 714 1586 aliter
736 1524 959 1586 constructione
981 1523 1167 1606 participiali
1189 1542 1369 1607 expressum
1393 1531 1448 1607 est,
1477 1521 1533 1587 sed
1556 1521 1672 1605 dubito,
1695 1542 1768 1585 num
1791 1523 1858 1605 quis
1888 1519 1961 1604 quid
1992 1521 2023 1584 in

188 1661 228 1705 eo
251 1642 389 1722 requirat
411 1648 465 1704 aut
478 1639 688 1705 Demosthene
709 1640 870 1723 iudignum
888 1641 1032 1705 inveniat.
1080 1642 1242 1706 Postrema
1252 1661 1373 1725 quoque
1395 1641 1561 1706 sententia:
1585 1650 1653 1726 „aba
1677 1644 1710 1707 δὲ
1733 1692 1863 1706 .....
1885 1643 2024 1706 ποιεῖσθε

187 1761 333 1835 πολίτας(
347 1759 441 1824 ualde
456 1760 573 1824 recedit
591 1760 631 1824 ab
642 1760 872 1825 Aristocrateae
885 1760 996 1843 verbis,
1008 1760 1074 1845 sed,
1097 1763 1122 1825 si
1135 1769 1350 1843 argumentum
1362 1761 1498 1845 respicis,
1513 1768 1633 1824 nonest
1648 1761 1765 1824 minore
1777 1760 1807 1823 ri
1821 1767 1872 1823 aut
1891 1759 2022 1823 auetori-

187 1887 263 1961 tate,
286 1880 312 1944 si
334 1880 475 1961 tourtam,
499 1878 582 1961 quod
598 1878 647 1942 hic
663 1884 768 1943 orator
784 1880 885 1962 figura
906 1882 1148 1966 ὀνοματοποιΐας,
1171 1899 1265 1961 quam
1281 1880 1476 1962 grammatici
1488 1884 1609 1961 vocant,
1631 1879 1734 1961 utitur,
1757 1879 1850 1942 etiam
1873 1878 2022 1941 maiorem

186 2005 289 2063 artem
312 1998 455 2063 ostendit.
500 1997 707 2063 Nihilominus
730 1998 858 2063 Weilins
879 2019 950 2063 eam
972 2000 1136 2084 vituperat,
1167 1998 1249 2082 quod
1273 2000 1321 2063 hic
1344 2001 1398 2062 illa
1420 1999 1552 2081 largiti0,
1586 2018 1648 2081 qua
1670 1998 1779 2061 ciuitas
1801 1995 1933 2080 indignis
1955 2007 2022 2061 erat

188 2117 276 2201 data,
299 2137 361 2181 non
374 2118 556 2200 oratoribus
579 2117 635 2182 sed
657 2125 722 2181 toto
746 2120 862 2201 populo
876 2120 1089 2203 opprobratur.
1132 2119 1183 2202 At,
1205 2139 1394 2203 quamquam
1414 2125 1563 2198 oratores,
1585 2119 1636 2199 qui
1652 2118 1769 2201 populo
1784 2115 2022 2199 persuadebant,

190 2244 224 2303 nt
246 2239 402 2302 civitatem
425 2238 521 2302 etiuse
544 2235 662 2320 darent,
695 2238 832 2301 maxime
854 2238 977 2304 obnoxii
1000 2248 1098 2322 erant,
1129 2246 1234 2304 tamen
1267 2240 1410 2323 populus,
1442 2257 1538 2321 penes
1571 2257 1663 2319 (ruem
1696 2242 1772 2318 erat,
1805 2237 1958 2300 ciuitatem
1993 2240 2023 2298 et

190 2356 269 2422 dare
292 2364 323 2421 et
345 2357 513 2439 denegare,
536 2356 647 2421 eodem
669 2357 734 2421 iure
758 2357 941 2441 reprehendi
963 2366 1093 2443 poterat.
1126 2360 1228 2441 Atque
1241 2358 1458 2423 Demosthenis
1475 2357 1666 2440 potissimum
1678 2356 1839 2440 proprium
1861 2360 1916 2438 est,
1939 2353 2022 2435 quod

129 2544 137 2553 ,
191 2497 232 2542 ex
254 2476 397 2541 omnibus
419 2475 609 2540 orationibus
630 2477 834 2560 cognoscitur,
853 2498 873 2540 a
895 2479 1009 2562 populo
1031 2480 1199 2563 postulare,
1221 2486 1253 2542 ut
1275 2479 1343 2562 ipse
1361 2479 1512 2541 rationem
1525 2474 1639 2540 reddat
1652 2476 1789 2538 omnium
1812 2493 2023 2555 rerumquae

191 2596 223 2660 in
246 2597 407 2680 republica
428 2594 676 2659 administranda
698 2595 824 2661 tiebant.

361 2715 592 2798 Paragraphus,
614 2734 696 2795 (luae
718 2717 864 2799 sequitur,
889 2737 1004 2800 magna
1027 2736 1065 2780 ex
1089 2724 1176 2801 parte
1199 2717 1230 2779 in
1253 2715 1458 2799 Olynthiacae
1491 2713 1602 2778 tertiae
1633 2711 1832 2796 paragrapho
1867 2711 2020 2774 tricesima

189 2834 292 2896 altera
314 2833 432 2913 legitur.
478 2833 559 2896 Nam
583 2835 687 2898 confer

672 2955 690 3034 ξ
713 2952 754 3016 25
778 2952 866 3016 huius
889 2956 1037 3020 orationis
1061 2975 1130 3020 oum
1153 2959 1173 3036 ξ
1195 2957 1237 3019 32
1259 2952 1465 3038 Olynthiacae
1487 2951 1547 3015 Ill:

278 3070 382 3137 Ταῦτα
405 3070 503 3157 δ”υμῖν
527 3073 697 3157 ἐπελήλυθε
719 3076 858 3158 πράττειν
886 3077 943 3161 οὐχ
966 3073 1011 3141 ὅτι
1108 3079 1110 3153 l
1283 3070 1374 3137 Ἔστι
1396 3071 1570 3146 δὀὐόέποτ’,
1600 3071 1695 3154 οἶμαι,
1719 3069 1794 3154 μέγα
1817 3070 1867 3132 καί
1888 3072 2024 3132 νεανικὸν

196 3307 242 3375 ἔτι
280 3315 345 3383 τοῖς
386 3313 439 3394 μὲν
481 3312 527 3396 ἐφ’
565 3314 669 3387 αὐτοῖς
703 3315 895 3398 παρειστήκει
934 3315 1011 3399 μέγα
1208 3312 1289 3377 ὁποῖ’
1328 3307 1404 3376 άττα
1446 3313 1503 3396 γὰρ
1545 3307 1581 3373 ἂν
1624 3312 1661 3373 τὰ
1701 3308 1922 3393 ἐπιτηδεύματα
1965 3315 2024 3372 τῶν

196 3434 332 3516 φρονεῖν,
345 3430 427 3513 ὑμῶν
442 3430 476 3507 δ’,
488 3423 513 3495 ὦ
526 3425 631 3515 ἄνδρες
642 3429 819 3516 Ἀθηναῖοι,
834 3427 1012 3518 περιῄρηται
1209 3433 1377 3517 ἀνθρώπων
1400 3437 1431 3515 p,
1454 3437 1587 3495 τοιοῦτον
1613 3430 1727 3511 οἰνάγκτΙ
1750 3431 1804 3492 καὶ
1826 3431 1859 3492 το
1883 3428 2023 3514 φρόνημα

192 3193 248 3265 τὰς
280 3192 381 3276 φύσεις
411 3194 532 3277 χείρους
564 3193 630 3257 ἐστὲ
660 3199 720 3257 τῶν
752 3194 913 3279 προγόνων,
945 3195 1010 3260 ἀλλ’
1108 3226 1111 3345 γ
1207 3195 1347 3280 φρόνημα
1378 3195 1484 3280 λαβεῖν
1512 3191 1602 3277 μικρὰ
1624 3192 1675 3253 καὶ
1699 3195 1803 3276 φαῦλα
1834 3191 2024 3274 πράττοντας,

1109 3352 1111 3393 r

1109 3426 1111 3485 l

1109 3532 1112 3565 Ι

191 3555 294 3613 τοῦτο.
328 3543 419 3613 ylica
449 3549 623 3626 δὀὐόέποτ’,
651 3551 745 3633 οἶμαι,
773 3554 899 3616 δυνατὸν
921 3554 1011 3638 μικρὰ
1209 3550 1300 3637 ἔχειν.
1346 3557 1441 3614 ταῦτα
1464 3551 1506 3634 μὰ
1532 3555 1585 3613 κτλ
1610 3600 1616 3612 .
1640 3599 1646 3612 .
1670 3569 1707 3629 .;
1740 3565 1821 3628 quae
1852 3546 1947 3609 verba
1977 3565 2024 3608 se-

192 3670 245 3731 καὶ
289 3673 392 3754 φαῦλα
434 3670 619 3753 πράττοντας
663 3670 739 3754 μέγα
784 3673 834 3734 καὶ
877 3674 1011 3736 νεανικὸν
1208 3674 1353 3750 quacun,
1384 3670 1479 3751 plane
1513 3666 1657 3731 differunt
1687 3686 1707 3729 a
1740 3665 1843 3729 verbis
1877 3665 2024 3729 orationis

192 3783 336 3873 φρόνημα
360 3790 477 3872 λαβεῖν,
501 3785 601 3874 ὥσπερ
625 3789 694 3853 οὐδὲ
715 3791 838 3875 λαμπρὰ
860 3793 910 3855 καὶ
932 3793 1011 3855 καλὰ
1109 3784 1111 3793 ’
1208 3787 1349 3852 decimae
1370 3787 1491 3851 tertiae.

191 3907 377 3990 πράττοντας
397 3910 500 3993 μικρὸν
522 3910 572 3972 καλ
589 3911 726 3972 ταπεινὸν
753 3915 886 3995 φρονεῖν.
929 3910 1011 3974 ὁποῖ’
1109 3900 1111 3931 ⁵

192 4018 271 4088 άττα
293 4026 348 4111 γάρ
379 4022 415 4088 οίν
438 4028 474 4089 τὰ
507 4028 729 4112 ἐπιτηδεύματα
760 4034 819 4091 τῶν
843 4029 1011 4113 ἀνθρώπων
1109 3976 1112 4095 ί

191 4136 225 4228 ᾖ,
247 4151 382 4208 τοιοῦτον
407 4147 522 4231 ἀνάγκη
545 4149 596 4211 καί
618 4150 652 4212 το
676 4146 804 4234 φρόνημ’
828 4146 918 4233 ἔχειν.
1108 4098 1111 4230 ί

365 4263 468 4327 Prima
491 4271 582 4348 atque
606 4267 734 4349 egregia
756 4266 910 4330 sententia
937 4266 967 4328 in
992 4264 1049 4329 hac
1072 4272 1192 4331 tantum
1214 4268 1353 4332 oratione
1383 4269 1543 4333 iuvenitur.
1589 4266 1679 4342 Quod
1713 4275 1819 4331 autem
1842 4266 1971 4330 Weilins
1993 4265 2024 4329 in

192 4382 396 4447 annotatione
429 4384 472 4447 acl
503 4384 581 4449 haec
614 4385 711 4449 uerba
743 4392 841 4470 putat,
872 4405 931 4467 res,
955 4404 1035 4466 qnae
1057 4386 1233 4450 accuratius
1253 4387 1283 4450 in
1307 4385 1511 4470 Olynthiacae
1533 4387 1578 4449 lll
1602 4389 1641 4469 ἐξ
1664 4386 1707 4450 30
1728 4394 1759 4450 et
1781 4386 1821 4449 31
1845 4392 2023 4467 tractentur,

194 4499 253 4564 hoc
277 4503 441 4566 enunciata
464 4505 600 4568 breuiter
625 4504 856 4588 comprehendi,
888 4504 920 4568 id
954 4506 982 4569 ei
1014 4506 1140 4570 arinime
1172 4508 1313 4570 assentiri
1346 4526 1481 4591 possum.
1525 4506 1608 4569 Nam
1641 4513 1857 4588 argumentum
1893 4504 2022 4568 duoruur

194 4619 332 4683 locorum
356 4622 450 4705 plane
472 4622 558 4687 aliud
580 4631 641 4706 est,
664 4624 725 4687 illie
747 4625 911 4709 exponitur
933 4626 1085 4688 maiorum
1107 4625 1298 4709 temporibus
1320 4645 1428 4690 omnes
1449 4645 1499 4689 res
1522 4644 1578 4708 per
1600 4626 1749 4709 populum
1772 4626 1871 4708 ipsum
1893 4623 2023 4688 admini-

189 4746 309 4827 stratas
342 4761 419 4823 essc,
453 4742 500 4805 hic
534 4749 639 4807 orator
670 4744 815 4825 (primitur,
848 4743 933 4825 quod
967 4743 1052 4827 prius
1073 4743 1277 4809 Athenienses
1307 4745 1497 4827 rrragnanimi
1530 4744 1650 4827 suerint,
1684 4763 1765 4807 nunc
1798 4744 1857 4807 sint
1890 4742 2023 4808 demissi.

195 4857 391 4924 Vocabulum
429 4867 694 4950 ,,περιαιρεῖσίλαι“,
740 4862 824 4944 quod
847 4862 968 4927 duobus
990 4864 1065 4928 locis
1103 4871 1277 4948 usurpatur,
1310 4872 1342 4928 nt
1374 4864 1504 4928 Wcilius
1544 4872 1659 4945 monet,
1687 4863 1810 4946 saepius
1845 4861 1931 4945 apud
1962 4862 2024 4927 De·
